2054 3030
336 155 481 206 niuea
509 156 555 206 iv.
580 156 672 207 cnr.
706 159 728 207 1.
885 157 933 207 iar
1017 175 1018 234 3

118 257 357 323 aspernabantur:
366 235 421 309 'sed
432 258 564 309 celeriter
574 258 690 319 subacti,
709 259 873 310 obedienter
883 257 932 308 im-

118 331 223 390 perata
232 324 367 377 fecerunt.
398 325 504 376 Aradus
516 340 626 390 quoque
637 326 729 376 insula
740 327 850 376 deditur
859 327 931 392 regi.

119 391 147 442 ti.
169 392 338 444 Maritimam
348 400 404 443 tum
416 408 503 455 oram,
518 401 547 443 et
556 393 807 461 pleraquelongius
820 394 903 444 etiam
916 409 933 444 a
1018 439 1019 452 ,

118 460 195 510 mari
207 460 377 523 recedentia,
396 475 447 510 rex
457 462 517 510 eius
529 461 742 524 insulaestrato
753 461 930 527 possidebat:

140 541 180 576 uo
191 529 219 578 in
231 527 311 578 iidem
323 534 449 594 accepto,
470 535 563 578 castra
575 527 663 577 movit
680 527 715 577 ad
729 527 824 578 urbem
838 529 930 578 Mara·
1018 583 1019 588 ,

117 601 132 645 t
156 609 201 645 on.
229 596 253 646 ἵ.
265 595 306 646 lbi
316 596 360 646 illi
372 597 471 646 literae
482 595 593 645 aDario
605 595 931 660 1·edduntu1·;quibus‚ut

118 663 380 730 superbescriptis,
399 661 579 712 vehementer
595 661 719 713 offensus
731 668 783 712 est.
819 661 929 711 Praeci-

116 743 176 796 pue
187 746 248 780 eum
258 731 359 792 morit,
380 729 455 796 quod
465 729 567 779 Darius
579 729 633 778 sibi
643 729 720 796 regis
734 728 858 790 titulum,
878 743 930 778 nec

118 797 241 848 eundem
260 798 409 848 Alexandri
429 797 535 846 nomini
555 795 751 862 adscripscrat.
786 795 810 846 8.
830 795 931 846 Postu-

116 863 198 915 labat
208 872 301 916 autem
315 865 405 930 magis
416 879 497 930 quam
509 864 631 928 petebat,
646 869 705 926 ‚‚ut‚
720 870 835 930 accepta
848 878 930 930 pecu-

114 933 176 992 nia,
188 939 429 998 quantamcunque
439 931 671 985 totaMacedonia
681 937 802 997 caperet,
815 937 929 982 matrem

115 1000 175 1051 sibi
195 1015 229 1049 ac
243 999 390 1066 coniugem
405 999 564 1066 liberosque
582 1001 755 1050 restitueret:
775 999 810 1049 de
832 1010 930 1064 regno,

115 1081 225 1132 aequo,
240 1068 266 1117 si
281 1066 375 1128 vellet,
390 1067 480 1117 Marte
496 1067 686 1118 contenderet.
722 1066 756 1118 9:
770 1067 799 1118 Si
816 1067 931 1118 saniora

115 1133 241 1187 consilia
252 1135 362 1185 tandem
373 1136 430 1201 pati
440 1135 591 1200 potuisset,
608 1142 754 1186 contentus
765 1135 870 1202 patrio,
886 1147 929 1184 ce·
1020 1159 1021 1164 =

114 1205 202 1255 deret
212 1201 297 1252 alieni
307 1203 414 1268 imperii
430 1203 540 1253 finibus:
561 1205 655 1254 socius
671 1205 831 1270 amicusque
843 1207 929 1253 esset,

113 1273 148 1323 ln
161 1284 195 1320 ea
205 1285 236 1322 se
247 1269 329 1322 fidem
340 1277 368 1321 et
378 1271 445 1321 dare
455 1279 581 1336 paratum
594 1279 622 1322 et
631 1272 788 1337 accipere.“
804 1273 844 1328 10.
858 1269 929 1320 Gon-

115 1347 163 1390 tra
180 1337 340 1389 Alexander
359 1339 387 1388 in
408 1338 480 1388 hunc
499 1340 619 1390 maxime
639 1340 750 1391 modum
768 1337 928 1404 rescripsit:

114 1406 179 1458 Rea
191 1404 344 1456 Alexander
358 1404 457 1456 Dario.
497 1405 578 1461 Ouiae
591 1423 686 1458 nomen
704 1405 846 1474 sumpsisti,
869 1402 928 1455 Da·

116 1473 188 1534 rias,
207 1471 337 1534 Graecos,
353 1472 399 1540 qui
408 1490 484 1525 oram
494 1473 661 1541 Hellesponti
670 1483 772 1537 tenent,
796 1470 925 1525 colonias-

119 1559 170 1609 que
182 1539 347 1592 Graecorum
358 1541 463 1604 lanias,
480 1542 553 1593 omni
567 1543 641 1593 clade
651 1541 776 1593 vastavit:
799 1557 858 1592 cum
869 1555 927 1590 ma-

115 1626 173 1678 gno
185 1608 278 1659 danda
288 1608 407 1659 exercitu
417 1625 491 1659 mare
502 1609 618 1669 traiecit,
630 1608 704 1660 illato
716 1607 892 1660 Macedoniae
902 1615 927 1656 et

119 1675 252 1728 Graeciae
267 1676 341 1726 bello.
381 1679 420 1726 ll.
437 1675 539 1726 Rursus
554 1675 630 1742 [rex]
649 1674 753 1727 Xerxes
761 1673 851 1743 gentis
862 1673 928 1724 eius·

118 1744 177 1796 dem
182 1781 189 1806 ,
207 1745 244 1794 ad
255 1744 447 1811 oppugnandos
458 1759 506 1793 roos
517 1759 575 1793 cum
584 1742 740 1793 immanium
751 1741 928 1792 barbarorum

119 1811 202 1879 copiis
213 1811 297 1862 acad:
319 1811 373 1878 qui,
389 1809 590 1878 naualiproels'o
600 1810 692 1870 aionas,
704 1805 876 1858 Mardonium
889 1814 928 1856 ta-

119 1895 179 1930 mea
187 1878 296 1946 reliquit
304 1878 333 1930 ia
344 1878 474 1940 Graecia,
491 1887 524 1930 ut
536 1878 629 1929 absens
641 1892 744 1945 qaoque
749 1875 928 1944 popularetur

119 1947 205 2009 urbes,
227 1963 309 2014 agros
328 1956 427 1998 ureret.
474 1949 513 1998 12.
539 1945 691 2014 Philippum
710 1961 771 1996 aero
788 1949 928 2010 parentem

119 2029 205 2066 meam
217 2015 276 2081 qais
285 2014 440 2083 ignoratae
451 2013 492 2066 lais
501 2014 673 2086 interfectam
685 2029 747 2075 esse,
759 2026 824 2080 quos
835 2009 927 2077 ingen-

120 2081 155 2133 tis
161 2083 292 2149 pecuniae
302 2097 347 2150 spe
355 2082 566 2135 sollicitaverant
580 2082 677 2134 uestri?
689 2079 777 2148 Impia
792 2076 861 2129 enim
877 2076 926 2126 lel-

120 2152 147 2201 la
156 2150 299 2218 ancipitis,
321 2158 348 2202 et
357 2167 436 2218 quum
447 2151 567 2202 debeatis
577 2167 667 2211 arma,
686 2146 803 2200 licemini
813 2143 927 2196 hostium

121 2218 225 2285 capita.-
243 2217 314 2269 sieut
323 2226 352 2269 tu
358 2219 483 2285 proxime
494 2217 600 2270 talentis
610 2217 679 2268 mille
684 2253 691 2278 ,
713 2215 785 2266 tanti
797 2213 928 2265 exercitus

122 2302 176 2347 rea,
184 2302 369 2353 percussorem
378 2287 407 2337 a'n
416 2301 457 2337 me
468 2303 553 2338 emere
562 2285 676 2336 voluisti.
710 2284 749 2333 13.
759 2282 864 2348 Repello
875 2281 926 2350 igi-

121 2363 167 2404 tur
185 2353 289 2415 lellum,
309 2370 363 2405 non
381 2354 487 2424 insero.-
507 2362 534 2404 et
551 2351 613 2403 Diis
634 2367 738 2419 quoque
753 2367 804 2418 pro
819 2349 927 2401 meliore

119 2421 250 2474 stantibus
272 2437 373 2484 caussa,
396 2437 523 2490 magnam
537 2429 645 2488 partem
660 2419 741 2470 Asiae
757 2418 927 2470 inditionem

120 2489 214 2557 redegi
223 2505 324 2541 meam.-
335 2498 360 2540 te
369 2489 455 2556 ipsum
467 2488 593 2540 arderici.
632 2485 714 2550 Quem
725 2486 774 2538 etsi
783 2486 852 2538 nillil
859 2501 876 2534 a
885 2499 926 2533 me

119 2556 265 2624 impetrare
285 2558 435 2624 oportebat,
457 2555 544 2624 [qaod
557 2553 699 2623 petieras]
719 2563 810 2622 utpote
831 2550 877 2618 qui
893 2565 928 2627 nne

122 2624 179 2675 belli
198 2624 304 2692 quidem
320 2625 349 2676 r'n
363 2641 403 2676 me
415 2625 478 2675 iura
496 2623 655 2686 servaverim
677 2633 766 2675 tamen
784 2621 808 2672 ri
825 2631 926 2696 reuera

120 2695 242 2760 supplex,
259 2701 286 2742 et
301 2702 413 2744 matrem
427 2701 454 2743 et
467 2691 607 2760 coniugem
621 2700 648 2742 et
660 2692 757 2744 liberos
772 2689 828 2740 siae
834 2691 924 2753 pretio
