2082 3042
275 209 446 261 .LlBER
473 209 558 262 Vlll.
588 213 679 264 CAP.
710 213 734 264 6.
761 216 786 264 7.
890 216 939 266 325

8 309 10 316 ’
81 370 82 375 ¹
132 312 205 364 Tum
214 298 363 379 Epimenes
373 317 472 364 cuncta
483 312 594 374 ordine,
611 317 840 383 consciorumque
851 315 939 370 nomi·
1032 293 1033 346 Ῐ

130 393 168 430 na
178 379 303 445 exponit.
338 377 538 443 Callisthenem
554 382 937 448 nonutparticipemfacino-

121 445 173 504 ¹ris
181 445 351 497 nominatum
362 461 425 498 esse
435 447 595 510 constabat3
606 447 656 497 sed
666 447 779 500 solitum
788 465 937 516 puerorum

132 513 307 565 sermonibus
328 514 544 581 vituperantium
564 514 821 582 criminantiumque
840 533 937 587 regem

131 578 232 632 faciles
244 595 324 632 aures
335 583 479 648 praehere.
515 582 556 634 ²5.
569 581 689 650 ¹Quidam
700 583 842 646 adiiciunt,
854 602 936 651 quum

130 647 300 702 Hermolaus
313 649 386 717 apud
402 664 464 700 eum
480 663 590 716 quoque
608 648 784 700 verberatum
799 665 832 702 se
843 667 936 720 arege

131 723 302 782 quereretur,
315 717 421 768 dixisse
432 715 642 769 callisthenems
653 717 814 768 meminisse
825 717 936 783 debere,

131 797 181 836 eos
196 785 252 835 iam
271 785 348 835 viros
363 798 436 834 esse.
471 783 502 835 ld
523 799 558 835 ue
574 799 607 834 an
623 783 658 834 ad
677 784 877 836 consolandam
892 801 937 852 pa-

128 851 255 904 tientiam
265 851 424 914 verberum,
444 867 479 902 an
490 799 525 901 ah
535 851 706 902 incitandum
718 853 848 903 iuvenum
859 853 938 904 dolo·
1032 913 1033 918 Ἰ

127 933 195 980 rem,
209 917 313 970 dictum
323 924 407 980 esset,
418 919 447 968 in
457 918 588 986 ambiguo
598 919 695 976 fuisse.
731 917 773 970 26.
795 920 864 982 Rex,
880 920 937 970 ani-

125 987 167 1036 mi
178 987 359 1052 corporisque
371 1000 472 1052 sopore
484 986 621 1050 discusso,
632 1001 714 1053 quum
725 987 796 1038 tanti
808 986 936 1053 periculi,

129 1053 205 1119 quod
217 1059 353 1114 evaserat,
365 1053 460 1120 imago
472 1053 562 1105 oculis
574 1054 729 1116 oberraret,
745 1053 937 1122 Eurylochum
984 1073 985 1078 ¹

82 1135 84 1140 ’
128 1119 153 1170 L
162 1119 279 1172 talentis
294 1127 322 1172 et
336 1121 479 1172 cuiusdam
490 1121 633 1190 'l'yridatis
645 1121 863 1188 opulentihonis
873 1137 936 1188 pro·

126 1189 203 1239 tinus
220 1188 317 1251 donat3
336 1187 516 1256 fratremque,
536 1196 683 1308 antequam
702 1203 752 1256 pro
767 1191 858 1241 salute
876 1190 935 1240 eius

125 1261 301 1322 precaretur,
315 1257 448 1308 restituit.
486 1259 528 1307 27.
554 1256 607 1310 Sce
621 1257 676 1309 eris
690 1263 782 1310 autem
796 1264 936 1318 auctores,

125 1325 255 1390 interque
264 1339 321 1388 ,eos
337 1323 545 1387 Callisthenem,
563 1326 673 1377 vinctos
689 1326 829 1377 asservari
842 1325 935 1376 iubet:

127 1392 226 1458 quibus
234 1391 263 1441 in
272 1393 380 1459 regiam
390 1393 528 1456 adductis,
535 1399 597 1444 toto
607 1393 654 1444 die
665 1399 694 1444 et
703 1400 786 1445 nocte
797 1393 935 1461 proxima,

125 1473 203 1510 mero
222 1473 255 1508 ac
267 1459 373 1526 vigiliis
390 1461 492 1526 gravis,
508 1461 659 1526 adquievit.
694 1461 735 1512 28.
752 1462 873 1512 Postero
889 1476 935 1511 au-

125 1531 182 1576 tem
193 1525 325 1592 frequens
336 1526 484 1577 consilium
502 1524 637 1586 adhibuit,
654 1526 699 1575 cui
714 1532 808 1590 patres
824 1530 936 1594 propin·

126 1593 229 1660 quique
241 1605 346 1654 eorum,
358 1592 392 1641 de
404 1592 660 1671 quibusagebatur,
678 1591 841 1654 intererant,
855 1608 890 1642 ne
901 1594 936 1643 de
1032 1643 1033 1650 ,

126 1675 178 1712 sua
189 1658 301 1725 quidem
311 1658 401 1709 salute
419 1672 525 1708 secum:
547 1661 648 1725 quippe
661 1657 847 1710 Macedonum
857 1673 935 1709 unone

126 1727 219 1796 perire
231 1725 379 1788 debebant,
396 1726 518 1776 omnium
528 1725 638 1776 devotis
651 1726 804 1791 capitibus,
818 1726 864 1791 qui
875 1727 936 1776 san-¹

126 1796 211 1864 guine
223 1793 411 1860 contigissent
420 1807 479 1843 eos.
515 1791 557 1842 29.
579 1792 640 1843 Rex
654 1792 795 1843 introduci
811 1792 936 1843 coniura-

125 1871 170 1914 tos
180 1867 294 1931 praeter
305 1858 505 1913 Callisthenem
514 1860 611 1911 iussit:
632 1865 716 1926 atque
731 1874 802 1927 quae
814 1861 936 1924 agitave-

124 1937 196 1994 rant,
207 1931 268 1981 sine
280 1931 458 1980 cunctatione
469 1925 594 1980 confessi
603 1933 676 1978 sunt.
709 1927 750 1979 30.
768 1926 936 1993 Increpanti-

124 2000 178 2050 bus
193 1997 294 2048 deinde
310 1997 449 2048 universis
464 2011 529 2061 eos3
548 1997 609 2063 ipse
625 2009 688 2058 rex,
707 2009 761 2062 quo
773 2009 824 2046 suo
835 1995 936 2045 merito

122 2067 231 2118 tantum
241 2065 271 2115 in
281 2071 370 2115 semet
381 2066 555 2132 cogitassent
564 2061 690 2115 facinusl
702 2061 869 2128 interroget.
935 2082 938 2087 ·

174 2132 235 2185 Vll.
248 2131 429 2199 Stupentibus
441 2133 553 2195 ceteris,
565 2131 745 2192 Hermolaus,
751 2127 808 2192 illos
818 2127 936 2188 vermin-

124 2203 194 2270 quit,
202 2197 351 2267 (quoniam,
359 2198 550 2266 quasinescias,
558 2197 676 2266 quaem)
691 2194 829 2248 occidendi
838 2203 863 2245 te
874 2209 935 2274 eon-

123 2268 211 2321 silium
221 2267 352 2329 ininimns,
365 2265 429 2334 quia
437 2265 662 2335 nonntingemn's
671 2263 805 2331 imperare
815 2270 933 2330 coepisti,

123 2332 590 2403 sedqucsiinmancipicdeminaris.
610 2337 636 2384 ².
646 2332 757 2383 Primus
765 2330 934 2384 exomnibus
1032 2349 1033 2356 ¹

122 2409 203 2469 pater
214 2405 318 2470 ipsius,
334 2401 461 2469 Sopolis,
476 2401 644 2467 parricidam
661 2400 745 2451 etiam
754 2398 878 2466 parentis
890 2397 932 2448 sui

123 2471 269 2522 clamitans
290 2467 363 2531 esse,
384 2469 544 2536 consurgit,
560 2474 589 2534 et
608 2467 642 2518 ad
664 2483 696 2519 os
712 2482 795 2518 manu
811 2465 933 2525 obiecta,
987 2493 990 2498 -

123 2537 233 2590 scelere
248 2543 276 2591 et
290 2538 371 2590 malis
381 2537 566 2588 insanientem
577 2535 651 2587 ultra
660 2541 745 2602 negat
756 2531 933 2586 audiendum.

123 2607 147 2658 3.
160 2606 229 2670 Rex,
239 2604 360 2657 inhibito
370 2610 460 2672 patre,
472 2605 566 2656 dicere
572 2603 754 2656 Hermolaum
764 2602 853 2660 iubet,
863 2611 934 2664 quae

112 2681 161 2725 ‘ex
172 2675 309 2742 magistro
325 2673 474 2725 didicisset
488 2669 669 2724 Callisthene.
703 2670 741 2722 Et
754 2665 933 2746 Hermolaus,

128 2738 208 2806 Uter,
217 2741 317 2808 inquit,
335 2738 462 2809 beneficio
477 2749 532 2803 tuo,
547 2749 575 2793 et
588 2739 656 2802 dico,
666 2752 740 2814 ‘qous
749 2741 848 2789 notho
858 2733 934 2785 malas
