2048 3034
89 219 136 272 198
302 215 474 276 QU1N'1'1
502 213 666 266 cultri}

88 336 160 373 mam
169 308 304 386 pecuniae
316 317 459 385 egessit,L
470 316 702 368 milliatalentdm
711 313 821 382 argenti
831 328 888 366 non

88 387 191 455 signati
210 385 309 448 forma,
330 385 381 436 sed
399 384 462 435 rudi
482 385 614 451 pondere.
652 386 692 432 12.
710 382 793 440 Multi
802 396 889 448 reges

88 461 180 506 tantas
194 468 261 520 opes
271 452 356 520 longa
366 458 457 503 aetate
469 452 676 502 cumulaverant
686 449 782 500 liberis
793 455 891 516 porte-

87 523 190 589 risque,
202 527 232 571 ut
242 520 454 581 arbitrabantur,
466 534 533 585 quas
545 533 598 568 una
607 517 678 570 hora
685 520 715 568 in
726 519 835 568 externi
845 529 890 566 re-

88 591 131 658 gis
142 604 237 645 nranus
248 588 350 640 intulit.
388 587 427 638 13.
448 587 583 637 Consedit
597 585 696 637 deinde
708 585 736 634 in
744 583 825 651 'regia
835 584 891 634 sel-

87 657 124 720 la,
136 656 221 708 multo
233 656 400 716 excelsiore,
412 668 492 721 quam
504 668 554 720 pro
565 652 661 704 habitu
671 653 806 718 eorporis.
834 651 891 700 lta-

89 740 142 793 que
163 725 249 791 pedes
269 739 351 791 quum
369 723 453 774 imum
473 722 587 789 gradum
607 736 663 770 non
683 721 889 786 contingerent,

88 809 159 844 unus
170 807 205 844 ex
214 793 300 858 regiis
312 790 404 858 pueris
416 804 537 840 mensam
549 785 672 838 subdidit
682 786 807 853 pedibus.
847 785 889 836 ld.

88 861 125 912 Et
136 876 217 928 quum
229 859 389 926 spadonem,
401 859 449 924 qui
457 857 537 906 Darii
546 855 646 918 fuerat,
656 855 890 922 ingemiscentem

90 929 284 993 conspexisset
293 940 351 987 rex,
363 940 474 975 causam
486 923 645 975 moestitiae
656 921 810 988 requisivit.
835 921 888 972 llle

88 996 202 1055 indicat,
223 994 337 1044 Darium
350 993 427 1042 vesci
439 993 468 1041 in
482 1006 516 1042 ea
530 991 654 1042 solitum:
677 1001 763 1056 seque
780 1003 890 1040 sacram

89 1063 150 1114 eius
164 1076 286 1125 mensam
303 1060 338 1110 ad
353 1058 502 1109 ludibrium
511 1059 681 1110 recidentem
693 1059 753 1108 sine
764 1057 889 1108 lacrimis

90 1131 251 1195 conspicere
269 1142 323 1176 non
335 1140 427 1191 posse.
464 1126 503 1176 15.
524 1125 615 1177 Subiit
626 1139 693 1192 ergo
704 1139 799 1194 regem
810 1139 890 1175 rere·

89 1197 190 1248 cundia
210 1193 331 1243 violandi
352 1191 504 1258 hospitales
521 1193 612 1256 De0s3
642 1194 696 1244 iam
717 1207 752 1244 ue
770 1193 890 1244 subduci

90 1261 215 1323 iubebat3
236 1275 317 1325 quum
332 1258 472 1310 Philotas:
494 1259 601 1310 minime
619 1273 681 1312 uero
700 1209 887 1330 iaecfeceris,

90 1345 153 1390 rex;
172 1328 218 1378 sed
228 1343 303 1378 ornan
314 1342 416 1394 quoqne
426 1325 529 1394 accipe,
544 1328 673 1390 mensam,
689 1343 721 1380 ex
732 1343 785 1396 qua
795 1327 892 1380 libavit

89 1393 172 1448 tosus
191 1395 293 1460 epulor,
314 1393 365 1445 tuis
380 1393 491 1460 pedibas
505 1410 558 1446 este
571 1394 723 1446 subiectam.
761 1395 800 1447 16.
817 1397 889 1460 Rex,

90 1461 215 1514 Persidis
235 1463 304 1512 lines
324 1461 463 1524 aditurus,
493 1461 565 1514 Susa
583 1464 679 1514 urbem
697 1462 838 1518 Archelao
860 1475 891 1516 et

90 1530 259 1598 praesidium
270 1530 306 1580 lll
317 1531 434 1581 millium
444 1531 571 1582 tradidit:
585 1528 745 1598 Xenophilo
758 1531 830 1582 arcis
842 1547 889 1584 cu-

90 1614 121 1650 ra
132 1599 262 1649 mandata
272 1606 326 1664 est3
346 1598 529 1649 Macedonum
540 1604 632 1650 aetate
643 1599 773 1666 gravibus
783 1600 891 1666 praesi-

91 1667 156 1718 dere
169 1667 240 1716 arcis
252 1667 396 1718 custodiae
407 1665 499 1718 iussis.
537 1667 576 1718 17.
588 1664 795 1718 Thesaurorum
806 1666 892 1718 Calli·

91 1735 160 1786 crati
170 1735 258 1785 tutela
267 1735 410 1801 permissa.
426 1733 555 1801 Sati-apia
566 1733 689 1800 regionis
701 1733 836 1786 Susianae
846 1748 892 1786 re·

91 1803 189 1854 stituta
199 1802 315 1854 Abuliti.
350 1803 468 1854 Matrem
484 1817 594 1869 quoque
604 1802 683 1852 Darii
698 1808 727 1852 et
740 1802 846 1853 liberos
861 1802 893 1853 in

92 1871 190 1922 eadem
200 1871 268 1922 urbe
286 1871 408 1939 deponit.
446 1871 484 1920 18.
504 1872 542 1920 Ac
552 1869 625 1920 forte
635 1869 833 1920 Macedonicas
845 1883 893 1920 re·

91 1945 158 2001 stes,
171 1937 339 2005 multamque
349 1951 511 2004 purpuram,
526 1938 599 1988 dono
613 1951 647 1988 ex
658 1937 825 1988 Macedonia
834 1935 895 1988 sibi

91 2006 216 2067 missam,
229 2020 291 2055 cum
302 2007 350 2066 iis,
363 2019 433 2070 quoe
443 2002 635 2065 confecerant,
646 2004 719 2056 tradi
729 2003 895 2072 Sisygambi

92 2074 183 2124 iussit.
219 2072 300 2121 Omni
319 2085 435 2136 namque
456 2066 562 2122 bonore
584 2087 653 2134 eam,
675 2079 703 2123 et
717 2071 894 2140 filiiquoque

92 2141 205 2206 pietate,
217 2138 445 2205 prosequebatur.
482 2137 522 2188 19.
534 2138 736 2206 Admonerique
747 2139 838 2202 iussit,
851 2145 894 2202 ut,

93 2208 118 2256 si
131 2207 210 2257 cordi
226 2219 336 2271 quoque
351 2205 435 2256 vestis
451 2211 537 2267 esset,
559 2206 698 2258 conficere
713 2221 773 2258 eam
791 2213 894 2274 neptes

94 2289 158 2324 suas
170 2269 376 2333 adsuefaceret,
390 2272 520 2341 donoque
532 2275 647 2326 doceret
657 2275 732 2326 dare.
767 2275 809 2326 Ad
820 2273 896 2326 banc

92 2353 191 2390 vocem
210 2339 341 2389 lacrimae
361 2340 477 2392 obortae
496 2342 645 2407 prodidere
664 2343 784 2394 animum
798 2357 897 2408 asper-

93 2407 185 2456 nantis
200 2405 229 2456 id
244 2421 356 2468 munuae
377 2408 477 2478 quippe
491 2425 546 2461 non
563 2409 639 2460 aliud
653 2412 742 2477 magis
757 2411 788 2460 in‘
795 2417 897 2461 eontu-

93 2472 203 2524 meliam
214 2472 362 2526 Persarum
372 2475 492 2526 feminae
503 2477 657 2544 accipiunt,
672 2493 751 2544 quam
764 2477 898 2529 admove·

93 2555 124 2593 re
144 2541 225 2592 lanae
243 2557 348 2594 manus.
377 2545 425 2593 2⁰.
448 2543 582 2596 Nuntiant
601 2546 648 2611 qui
668 2545 741 2596 dona
760 2545 896 2608 tulerant,

92 2609 202 2660 tristem
213 2623 275 2660 esse
287 2609 485 2728 Sisypambim3
507 2610 645 2678 dignaque
656 2625 700 2663 res
711 2613 896 2664 excusatione
913 2620 922 2639 ¹

94 2683 123 2727 et
134 2677 236 2728 solatio
248 2679 315 2729 visa.
367 2693 414 2746 pse
426 2693 494 2746 ergo
505 2679 677 2744 pervenitad
688 2695 761 2742 eam,
776 2686 817 2741 et,
838 2695 897 2732 mn·

95 2750 143 2804 ter,
165 2745 263 2812 inquit,
284 2744 354 2798 bane
369 2752 475 2806 eastern,
498 2761 549 2812 qua
562 2744 669 2798 indutus
682 2762 749 2809 snm,
770 2762 898 2798 tororum
