2054 3030
109 207 142 258 9⁰
297 199 437 253 lOdNN.
454 200 727 254 Faurnsfflrmu

10 319 12 332 *
107 305 246 358 vulnerati
264 309 339 365 suut,
360 305 425 371 quia
438 309 574 353 nocturna
588 318 680 370 pugna
693 302 796 364 iuerat,
818 318 914 372 neque

108 373 241 423 adversus
252 385 352 421 caecos
362 372 434 421 ictus
445 379 474 422 et
484 371 636 421 incidentia
646 378 751 421 temere
763 372 821 422 tela
831 374 914 438 quid-

19 439 22 446 '
108 441 189 507 quain
201 438 268 488 sctis
279 438 418 504 provideri
430 443 567 504 potuerat.
605 438 644 488 13.
664 437 734 488 Post
744 438 855 504 aliquot
863 441 914 490 de-

107 506 172 558 inde
188 505 248 556 dies
261 506 331 556 levis
345 513 374 557 et
390 505 497 557 ludicra
513 519 559 556 res
569 505 676 572 ingenti
687 507 833 556 certamini
844 523 913 558 cau-

107 589 165 625 sam
176 573 311 639 praebuit,
334 579 396 624 orto
408 573 488 622 initio
500 587 517 622 a
527 572 635 624 duobus
646 573 784 624 veteranis
797 589 832 624 ex
843 575 914 625 Per-

108 641 204 692 diccae
215 642 333 708 agmine.
368 641 391 690 li
401 639 615 690 contubernales
626 656 707 706 quum
719 648 823 702 essent,
843 658 913 692 uua-

109 724 161 776 que
171 710 255 777 genio
266 706 456 768 indulsissent,
473 714 504 758 ut
514 707 544 757 iit
552 709 626 759 inter
635 722 779 758 sanniones
790 707 912 760 familia-

108 791 162 840 res,
173 778 308 828 iactantia
317 775 431 826 militari
442 791 492 826 sua
503 774 588 826 fortia
598 775 673 825 facta
683 775 806 826 vicissim
819 777 913 828 extol-

107 844 206 908 lentes,
223 843 353 896 altercari
364 850 522 909 coeperant,
539 850 600 892 uter
614 843 694 894 alteri
707 841 911 908 anteferretur;

108 914 148 963 14.
168 927 250 980 quum
260 913 331 962 alter
341 925 450 972 eorum,
471 909 619 980 quidinani
636 909 749 976 strepitu
767 910 912 962 cerberum

105 980 245 1042 foedemus
257 975 468 1029 honestissimam
478 976 690 1028 contentionem?
709 979 807 1043 iuquit.
845 976 910 1029 Non

106 1047 151 1099 cni
160 1047 262 1115 lingna,
282 1043 380 1096 sederi
389 1044 483 1094 dextra
501 1043 539 1094 eit
546 1044 648 1107 melior,
668 1044 830 1112 bereg-itur.
868 1044 912 1096 Et

106 1111 183 1166 adest
200 1112 319 1165 occatio:
337 1126 369 1162 en
390 1110 486 1178 optime
505 1111 535 1162 de
554 1112 740 1163 controversiis
756 1113 855 1163 nostrie
867 1114 908 1164 in·

107 1179 215 1234 dicabit.
251 1178 320 1247 Age,
337 1177 362 1228 ei
370 1177 411 1228 cir
420 1193 455 1240 et,
474 1187 611 1229 exerentem
620 1194 736 1246 sequere.
774 1180 813 1230 15.
836 1180 909 1233 Vino

107 1255 136 1300 et
146 1247 298 1298 ambitione
307 1245 492 1310 incaluerant3
508 1247 602 1312 itaque
614 1247 721 1312 privato
734 1248 854 1298 consilio
866 1264 909 1300 er·

106 1331 151 1366 ma
162 1315 282 1380 capiunt,
297 1320 326 1364 et
336 1313 371 1364 ad
380 1329 474 1363 muros
486 1314 563 1364 iuxta
577 1329 678 1377 arcem,
692 1330 763 1382 quae
773 1315 910 1382 Mylassis
964 1313 967 1320 '

107 1383 226 1434 obversa
237 1389 289 1442 est,
304 1387 462 1431 excurrunt.
497 1381 605 1431 Horum
615 1384 772 1434 temeritate
785 1382 909 1435 animad-

106 1465 198 1509 versa,
220 1451 314 1500 statim
328 1461 362 1500 ex
378 1448 480 1514 oppido
496 1449 595 1515 globus
611 1448 731 1500 bostium
743 1449 906 1502 effunditur.

105 1517 151 1568 llli
164 1517 272 1566 firmato
289 1517 378 1584 gradu
392 1523 533 1567 conamen
553 1524 711 1578 conserunt,
733 1518 848 1583 propius
867 1521 909 1569 in-

106 1591 249 1636 currentes
260 1583 362 1652 gladiis
372 1586 521 1650 excipiunt,
536 1585 563 1634 in
575 1585 739 1636 recedentes
751 1585 808 1636 tela
819 1587 911 1637 conii-

106 1652 191 1704 ciunt.
229 1650 268 1703 tt.
290 1651 345 1703 Sed
356 1651 488 1703 adversus
498 1652 610 1714 multos,
627 1658 700 1702 etex
710 1652 856 1718 superiore
867 1653 910 1703 lo-

106 1735 139 1772 co
158 1719 334 1780 dimicantes,
355 1718 427 1771 haud
443 1721 489 1771 din
503 1720 638 1786 impunita
653 1719 770 1770 duorum
789 1719 910 1772 audacia

104 1787 218 1852 luisset;
234 1789 287 1838 nisi
298 1794 448 1855 conspecto
459 1789 581 1856 ipsorum
594 1787 909 1854 periculo,commilito-

104 1872 169 1906 num
179 1856 261 1922 pauci
272 1857 369 1923 primo,
386 1855 486 1907 deinde
499 1855 548 1906 alii
558 1862 641 1921 atquc
652 1854 699 1905 alii
714 1855 908 1906 laborantibus

105 1923 311 1974 subvenissent:
334 1923 432 1973 eodem
446 1923 529 1973 modo
548 1929 577 1973 et
587 1923 733 1987 oppidanis
743 1922 861 1973 subinde
872 1924 910 1974 ad

104 1992 205 2054 locum,
216 1990 262 2040 ubi
274 1991 455 2057 pugnabatur,
468 1988 681 2041 confluentibus.
718 1991 758 2040 lt.
782 1991 824 2040 lta
834 2007 908 2041 nunc

106 2058 157 2122 his,
169 2073 241 2109 nunc
251 2057 308 2109 illis
319 2057 421 2107 robore
432 2071 602 2124 numeroque
616 2057 815 2125 superioribus,
830 2060 908 2108 varie

105 2132 256 2193 pugnatum
266 2131 320 2175 est:
334 2125 423 2175 donec
432 2123 591 2175 Alexander
602 2141 663 2175 cum
673 2141 764 2188 manu,
772 2141 842 2192 quae
854 2128 907 2176 cir-

105 2208 136 2243 ca
146 2197 237 2260 ipsum
248 2199 321 2255 erat,
333 2207 512 2258 progressus,
526 2200 629 2244 metum
641 2192 768 2244 hostibus
779 2194 907 2255 incussit,

105 2261 197 2310 statim
219 2277 252 2311 ue
263 2263 337 2312 intra
346 2261 517 2310 munimenta
526 2261 663 2326 compulsi
677 2267 754 2324 sunt,
775 2275 827 2310 nec
837 2261 906 2311 mul·

104 2337 162 2378 tum
173 2277 271 2389 abiait,
277 2329 342 2394 quin
354 2326 450 2378 hostes
462 2328 544 2379 sinrul
553 2329 747 2394 irrumperent.
767 2329 807 2378 18.
819 2327 905 2378 Forte

105 2395 179 2446 eriim
188 2395 302 2446 intentis
314 2397 441 2447 omnibus
451 2398 479 2447 in
490 2411 535 2457 ea,
559 2409 629 2461 quae
644 2401 707 2445 ante
719 2395 815 2445 urbem
827 2410 906 2462 gere·

103 2463 215 2524 bantur,
235 2463 346 2512 moenia
364 2464 540 2531 negligenter
557 2463 664 2512 servari
682 2463 854 2529 contigerat:
877 2468 907 2512 et

103 2530 174 2581 dirae
187 2537 278 2581 turres
293 2546 354 2580 cum
369 2531 521 2581 continenti
538 2543 678 2580 murorum
698 2535 777 2595 parte
799 2530 905 2580 crebris

101 2599 219 2649 arietum
230 2597 332 2648 ictibus
342 2604 497 2658 cesserant3
517 2599 602 2646 tertia
612 2612 731 2663 quoque,
747 2597 905 2649 laxataiam

14 2679 15 2730 p
101 2670 130 2716 et
144 2679 282 2716 concussa
298 2679 446 2731 compage,
466 2662 638 2714 fodientibus
655 2661 728 2714 haud
741 2665 771 2713 in
789 2664 906 2730 longum

14 2779 16 2800 ε
100 2733 233 2785 resistere
253 2734 400 2798 potuisset.
444 2729 484 2781 19.
510 2731 546 2780 At
565 2732 629 2798 quia
647 2731 857 2782 tumultuarium
875 2729 906 2780 id
