2082 3042
283 209 431 262 LIBER
455 209 522 263 Vll.
553 211 650 263 aAP.
678 215 718 264 11.
854 212 902 264 tol

101 311 255 382 respondit.
290 312 332 364 Ad
341 311 475 373 ultimam,
487 326 520 363 an
531 310 687 362 Alexander
696 313 792 366 volare
801 316 901 382 possit,

100 383 266 446 interrogat.
302 379 326 431 6.
348 379 426 440 Quae
446 379 571 429 nuntiata
589 379 664 445 regi,
688 381 729 431 sic
747 382 901 434 accendere

101 448 232 503 animun,
243 453 273 499 ut
283 445 425 507 adhibitis,
435 461 497 496 cam
508 445 608 514 quibas
619 447 777 498 consultare
787 455 848 500 arat
856 464 901 502 so·

5 525 6 562 l
99 514 178 576 litus,
194 513 517 566 indicaretinsolentianr
528 513 649 574 barbari,
667 514 804 565 eludentis
813 517 900 581 ipsos,
927 559 929 566 ,

5 585 7 632 l
95 583 273 648 ¹quinpinnas
284 597 338 634 non
351 579 493 632 haberent.
529 579 566 631 Se
575 587 668 631 autern
679 583 805 647 proxima
819 593 909 634 nocte·

100 647 274 712 caecarum,
286 656 316 701 ut
327 649 455 699 crederet
465 647 634 698 Macedones
646 650 730 699 atiani
741 648 845 699 volare.
875 654 900 700 7.

104 714 256 779 Trecentos,
279 716 376 784 inquit,
392 712 590 780 pernicissimos
603 713 707 767 iuvenes
724 715 821 766 exavis
833 715 901 782 paie-

101 798 151 850 que
161 783 242 850 copiis
250 781 388 852 perducite
398 781 435 832 acl
442 797 490 843 rue,
514 781 618 849 qviper
633 782 709 834 ealles
724 791 750 834 et
760 798 847 850 paene
861 782 900 832 iv-

100 850 156 902 viae
174 867 252 918 rupes
274 848 346 902 domi
361 865 462 916 pecora
480 864 562 915 agere
581 849 773 901 consueverint.
809 849 833 900 8.
857 849 899 900 llli

96 925 272 985 praestantes
292 924 321 968 et
339 917 453 967 levitate
474 931 622 983 corporum
636 924 664 968 et
679 916 780 968 ardore
797 917 902 969 animo·

97 1000 158 1036 rum
169 993 282 1036 strenue
293 983 446 1035 adducant:
467 999 536 1049 qvvos
546 984 656 1036 intuens
668 999 726 1048 rex,
751 983 899 1045 Vobiscum,

6 1103 7 1110 ,
99 1053 199 1118 inquit,
219 1069 234 1102 a
247 1050 352 1102 iuvenes
368 1059 395 1100 et
408 1049 460 1101 mvi
472 1052 602 1118 aequales,
622 1051 727 1104 urbium
740 1051 901 1104 invictarum

99 1126 162 1170 aute
172 1118 335 1169 munimenta
343 1117 481 1186 superavi.-
502 1118 630 1170 montium
643 1119 710 1188 iuga
716 1119 831 1187 peceavi
843 1119 902 1171 nive

100 1185 198 1237 abruta
208 1201 324 1237 emensus
334 1201 406 1236 saror
414 1185 555 1254 augustias
562 1184 671 1239 Ciliciae
680 1186 796 1239 intravi:
807 1186 901 1240 ludive

97 1252 155 1305 siae
163 1253 318 1305 lassitudine
328 1252 378 1304 vim
380 1252 503 1324 frigoris
512 1269 569 1304 suto
575 1270 724 1321 perpessus.
743 1253 785 1306 Et
795 1255 847 1306 mei
852 1256 899 1326 do·

5 1361 6 1382 ,
95 1329 220 1372 ramenta
230 1321 302 1372 vobis
312 1321 379 1381 dedi,
399 1321 627 1374 etvcstrultabev.
662 1321 686 1374 9.
708 1321 800 1385 Petra,
820 1339 900 1390 quam

96 1387 198 1451 videtis,
209 1405 290 1440 uuum
300 1389 401 1440 aditum
411 1388 499 1449 dalet,
512 1404 588 1456 quem
598 1389 710 1441 larbasi
719 1390 846 1454 obsideat,
858 1407 898 1444 ce-

5 1485 6 1502 ι
96 1463 156 1506 tera
171 1457 328 1523 negligunt.-
345 1456 432 1506 aullae
446 1455 641 1522 vigilianum,
662 1457 713 1508 aivi
727 1473 795 1524 quae
808 1467 898 1510 cmtra

95 1533 190 1574 mostra
200 1531 335 1588 spectant.
360 1525 400 1572 la.
412 1521 554 1572 Invenietis
564 1522 644 1585 viana
654 1525 678 1574 si
686 1525 807 1588 sollerter
817 1525 898 1575 rima

97 1589 120 1640 ti
120 1588 237 1660 fueritis
247 1589 334 1639 aditus
336 1587 461 1667 serentes
471 1589 508 1638 ud
517 1604 652 1640 cacumen.
688 1589 765 1641 Nilei!
778 1599 832 1642 tam
847 1593 900 1642 vite

95 1666 197 1707 namara
215 1655 361 1716 constituet,
381 1670 432 1721 quo
447 1654 530 1705 virtus
544 1671 597 1706 aaa
606 1656 693 1723 possit
707 1657 781 1708 eniti.
810 1657 899 1724 Eupa-

95 1723 190 1774 ricudo
212 1739 280 1790 puae
298 1721 381 1774 ceteri
397 1722 609 1787 desperaverunt,
630 1722 721 1773 Asiam
736 1722 900 1776 labemaev'u

93 1798 236 1859 potestate.
266 1791 306 1840 11.
318 1787 433 1840 Evadite
441 1788 469 1838 ia
480 1804 620 1839 cacumen:
631 1790 790 1857 quodquam
800 1791 898 1868 ceperi-

38 1883 43 1896 ·
96 1860 139 1920 tie,
152 1856 272 1909 candidio
283 1857 345 1908 velie
354 1855 461 1924 siguum
472 1855 539 1907 vrvilvi
548 1856 654 1908 dalilis.
685 1856 749 1925 Ego
760 1856 843 1923 copiae
854 1858 899 1908 ad-

95 1925 175 1976 motis
186 1925 287 1976 ltovtem
297 1924 325 1976 io
336 1940 383 1975 vos
393 1940 410 1975 a
419 1922 492 1974 uobis
502 1933 664 1975 convertam.
694 1927 734 1975 12.
746 1924 899 1977 Praemium

95 1992 148 2044 erit
159 1992 191 2054 ei,
204 1992 251 2060 qui
258 1992 359 2059 primus
371 1990 541 2058 occupaverit
549 1991 681 2052 verticem,
686 1993 787 2044 talenta
793 1989 821 2042 X
825 2011 835 2044 .·
845 2009 897 2044 uno

95 2061 182 2112 minas
193 2060 316 2127 accipiet,
335 2058 526 2126 puiproximas
537 2057 563 2110 ei
574 2059 690 2111 venerit.-
710 2061 851 2128 eademque
864 2061 901 2111 acl

94 2129 183 2179 decem
203 2127 321 2178 doctrines
340 2125 490 2177 servabitur
501 2127 602 2193 partio.
633 2127 741 2179 Certum
751 2136 841 2178 autem
852 2127 898 2180 ka-

5 2183 7 2250 }
95 2193 153 2255 lev,
165 2211 209 2246 vav
220 2212 273 2246 uva
283 2204 338 2245 tam
347 2193 534 2246 liberalitatem
543 2193 644 2246 intueri
652 2211 748 2257 meam,
765 2211 843 2263 quam
853 2211 896 2246 vo-

95 2263 233 2314 lantatem.
270 2263 310 2313 13.
330 2261 382 2311 llis
398 2261 497 2311 animis
512 2277 605 2329 regent
621 2262 778 2326 audierunt,
797 2265 895 2316 utiam

93 2333 204 2396 cepisse
224 2331 357 2381 vomicam
377 2328 545 2379 viderentur.
583 2329 698 2381 Dimissi
720 2345 767 2394 ue,
788 2329 896 2384 ferreos

94 2413 210 2458 castros,
221 2414 290 2464 quus
301 2399 375 2448 inter
384 2411 451 2448 saxa
460 2394 628 2463 deligerent,
643 2345 805 2466 nulliusque
815 2399 896 2452 funes

93 2465 238 2532 parabant.
275 2465 314 2515 14.
334 2464 734 2530 Rexoircanmectuspetram,
755 2469 897 2534 quamini-

93 2547 139 2584 nie
150 2547 233 2598 espec
242 2548 275 2586 ac
286 2539 450 2599 praeruptus
461 2531 849 2598 aditus-videbatuv,secunda
858 2537 897 2586 vi-

94 2600 164 2666 gilia
178 2600 264 2668 (qvmd
281 2599 351 2650 bene
365 2603 498 2662 verteret)
519 2599 629 2665 ingredi
648 2601 733 2652 iubet.
770 2602 828 2663 llli,
848 2602 896 2652 ali-

92 2669 195 2718 mentis
209 2669 237 2717 in
253 2667 364 2718 biduum
377 2667 485 2729 sanctis,
505 2666 607 2735 gladiis
621 2667 703 2718 modo
714 2675 797 2736 atque
809 2665 896 2721 hastis

89 2738 204 2798 arntati,
216 2734 311 2786 subire
323 2740 485 2804 coeperunt.
521 2733 562 2787 lt.
580 2736 620 2788 Ac
629 2735 719 2804 primo
730 2735 846 2804 pedibus
856 2737 896 2788 in·
