2082 3042
104 147 153 198 312
322 139 495 200 QUINTI
524 140 689 191 GUR'I'H

103 244 218 298 assueti.
248 243 319 291 Tum
329 240 438 292 ferocia
447 243 561 308 ingenia
570 258 626 292 non
637 241 740 293 bellum
752 241 846 303 modo,
857 243 912 292 sed

103 313 187 363 etiam
197 309 295 379 veniae
307 309 476 375 desperatio,
494 308 670 360 efferaverat.
707 308 803 376 Itaque
814 323 850 360 ex
859 310 914 359 im·

101 379 216 447 proviso
228 376 321 427 adorti
330 378 485 443 Amyntam,
506 382 666 443 praetorem
675 375 838 438 Alexandri,
862 376 915 427 diu

103 459 206 512 anceps
225 443 363 510 proelium
380 442 516 495 fecerant.
553 445 593 495 lt.
614 445 649 495 At
667 444 808 506 ultimum,
836 443 911 494 1100

104 527 218 564 suorum
236 512 357 575 amissis,
396 526 494 562 uorum
514 513 582 564 000
596 509 686 563 bostis
702 511 785 577 cepit,
806 511 915 561 dedere

102 587 185 648 terga
202 578 370 640 victoribus3
409 579 463 629 aud
481 595 549 631 sane
568 579 664 643 inulti,
685 581 787 646 quippe
804 577 914 628 LXXX

102 648 289 701 Macedonum
297 645 508 710 interfecerunt,
527 654 694 714 praeterque
706 661 755 696 eos
767 646 836 698 000
849 651 878 695 et
887 644 914 694 L

105 713 272 766 sauciifaoti
282 720 354 765 suut
390 715 431 767 18.
449 713 568 766 Veniam
588 723 681 766 tamen
697 715 782 764 etiam
797 719 863 778 post
872 711 912 762 al-

103 790 192 834 teram
202 781 392 834 defectionem
401 781 627 848 impetraverunt.
664 781 704 832 19.
724 781 778 831 His
787 781 817 830 in
827 780 913 830 iidem

104 850 237 917 acceptis,
256 850 286 899 in
295 848 449 916 regionem,
470 865 551 916 quam
562 849 687 900 Nautaca
697 847 847 916 appellant,
861 861 914 898 rex

104 935 165 971 cum
173 923 236 969 toto
249 917 375 968 exercitu
384 917 469 967 venit.
503 916 634 984 Satrapes
646 922 707 968 erat
717 913 912 981 Sysimitbres,

105 985 214 1038 duobus
232 999 267 1038 ex
285 999 335 1035 sua
350 990 439 1036 matre
449 984 515 1037 filiis
527 985 642 1052 genitis:
662 986 763 1101 puippe
776 982 850 1048 apud
861 995 913 1032 eos

104 1053 266 1122 parentibus
281 1057 378 1119 stupro
396 1052 472 1103 coire
489 1068 550 1102 eum
560 1051 657 1103 liberis
682 1065 712 1102 as
725 1056 776 1101 est.
813 1051 855 1100 2⁰.
874 1049 912 1110 ls,

105 1121 218 1172 armatu
229 1117 419 1185 popularibus,
431 1117 526 1170 fauces
538 1119 673 1186 regionis,
684 1134 738 1184 qua
747 1119 775 1168 in
788 1117 911 1167 arctissi-

104 1204 177 1239 mum
189 1188 313 1252 cogitur,
325 1185 419 1235 valido
429 1188 599 1238 munimento
612 1191 748 1254 sepserat.
784 1185 913 1234 Praeter-

106 1253 210 1305 fluebat
220 1260 330 1301 torrens
342 1252 443 1313 amnis3
454 1259 561 1320 atergo
571 1261 652 1320 petra
663 1253 825 1304 claudebat:
840 1249 914 1301 hanc

105 1335 187 1372 manu
197 1318 319 1385 perviam
330 1317 440 1369 incolae
451 1317 586 1372 fecerant.
623 1323 664 1371 21.
684 1320 740 1372 Sed
750 1320 840 1370 aditus
852 1333 915 1385 spe·

105 1403 154 1440 cus
165 1386 269 1452 accipit
277 1384 381 1449 lucem3
402 1388 546 1450 interiora,
567 1389 622 1438 nisi
637 1389 718 1438 illato
730 1387 842 1448 lumine,
866 1385 915 1437 ob·

106 1469 189 1506 scura
198 1459 271 1504 sunt.
291 1451 447 1520 Perpetuus
458 1455 602 1506 cuniculus
612 1456 667 1506 iter
678 1454 793 1522 praebet
802 1454 831 1505 in
841 1467 916 1505 cam·

106 1537 167 1590 pos,
178 1522 314 1590 ignotum,
325 1522 380 1572 nisi
388 1522 538 1590 indigenis.
557 1523 599 1573 22.
609 1522 915 1589 AtAlexamler,quam·

108 1605 189 1658 quam
209 1588 353 1655 angustias
373 1591 492 1640 naturali
512 1590 568 1640 situ
587 1591 706 1641 munitas
721 1590 815 1640 valida
831 1603 916 1641 manu

106 1657 220 1711 barbari
240 1656 402 1719 tuebantur,
421 1663 514 1708 tumen
533 1656 667 1709 arietibus
687 1657 807 1708 adnrotis
826 1658 915 1707 muni·

108 1731 212 1787 menta,
222 1737 293 1790 quae
303 1738 385 1773 manu
396 1724 526 1776 adiuncta
536 1732 627 1787 erant,
640 1725 795 1786 concussit,
807 1723 915 1789 fundis·

108 1807 161 1862 que
181 1798 210 1842 et
228 1791 340 1858 sagittis
360 1793 593 1858 propugnantium
618 1793 767 1859 plerosque
796 1791 914 1844 deiecit:

109 1874 178 1928 quos
196 1859 243 1910 ubi
265 1858 408 1925 dispersos
427 1857 547 1926 fugavit,
566 1862 661 1910 ruinas
680 1861 915 1911 munimentorum

109 1940 316 1993 supergressus,
328 1925 363 1975 ad
374 1932 480 1991 petram
491 1928 615 1978 admovit
626 1928 789 1979 exercitum.
809 1926 851 1977 23.
863 1927 915 1978 Ce-

108 2001 198 2046 terum
207 1992 412 2044 interveniebat
421 1992 536 2057 fluvius,
557 1997 722 2046 coeuntibus
733 1997 814 2064 aquis
825 2008 861 2046 ex
871 2011 915 2046 su-

108 2064 220 2128 periore
230 2058 345 2126 fastigio
356 2061 385 2111 in
397 2060 511 2124 vallem3
533 2064 682 2132 magnique
696 2063 791 2129 operis
801 2060 915 2114 videba-

107 2136 162 2191 tur,
182 2134 239 2179 tam
259 2134 365 2178 vastam
383 2130 546 2195 voraginem
567 2131 688 2197 explere.
723 2130 917 2182 caeditemen

109 2197 225 2246 arbores
246 2200 274 2245 et
291 2210 359 2246 saxa
373 2196 489 2262 congeri
499 2197 592 2250 iussit.
626 2200 667 2250 24.
686 2198 844 2265 ingensque
853 2195 917 2248 bar·

108 2263 192 2313 beros
203 2277 290 2328 pavor
300 2263 383 2315 rudes
395 2263 431 2314 ad
444 2263 513 2314 talia
528 2279 614 2330 opera
630 2272 821 2326 concusserat,
843 2265 918 2316 exci-

108 2336 194 2380 tatam
209 2329 311 2380 molem
327 2330 420 2381 subito
435 2337 591 2384 cernentes.
627 2335 668 2386 25.
688 2334 785 2400 ltaque
800 2346 860 2395 rex,
883 2331 919 2382 ad

109 2395 280 2447 deditionem
291 2404 367 2448 metu
376 2413 460 2465 posse
472 2400 602 2466 compelli
612 2408 697 2460 ratus,
707 2401 830 2452 Oxarten
840 2399 919 2450 misit

108 2463 230 2515 nationis
242 2463 376 2528 eiusdem,
387 2465 438 2516 sed
449 2466 564 2517 ditionis
577 2483 656 2530 suae,
668 2470 714 2534 qui
725 2467 857 2518 suaderet
868 2467 917 2516 du-

109 2531 144 2593 ci,
164 2537 195 2582 ut
215 2528 340 2580 traderet
360 2539 476 2598 petram.
511 2533 552 2584 26.
572 2535 686 2586 Interim
704 2536 739 2586 ad
760 2533 918 2602 augendam

108 2594 286 2649 formidinem
295 2604 324 2647 et
333 2605 425 2651 turres
436 2601 663 2664 admovebantur,
684 2610 712 2652 et
727 2617 847 2653 excussa
860 2607 918 2652 tor-

108 2665 211 2713 mentis
221 2663 280 2715 tela
290 2665 438 2716 micabant.
471 2668 567 2734 ltaque
579 2670 713 2720 verticem
724 2678 829 2735 petrae,
842 2683 917 2720 omm
