2048 3034
351 199 741 263 *sinuaverat
826 179 829 192 ’
901 215 948 264 ror

147 309 270 364 liarchas
285 311 442 374 vocabant)
462 319 529 362 tunc
543 313 660 378 primum
676 316 706 363 in
720 313 791 364 hunc
806 331 949 368 numerum

149 379 243 444 copiis
264 377 433 430 distributis:
452 394 570 445 namque
591 387 674 430 antea
690 383 888 448 quingenariae
903 399 948 434 co·
1011 373 1012 382 ἶ

150 445 249 497 hortea
264 444 387 510 fuerant3
407 461 459 498 nec
471 445 645 498 fortitudinis
659 449 782 512 praemia
795 461 948 503 cesserant.

151 514 177 564 l.
189 512 289 580 lngeut
299 513 417 565 militum
426 507 510 564 turb¹a
519 519 696 576 convenerat,
708 517 822 581 egregio
832 517 948 569 interiu-

150 587 215 632 tura
229 581 383 643 certamini,
401 584 482 632 testis
499 583 595 633 eadem
610 582 744 646 cuiusque
754 580 899 647 factorum,
920 592 949 638 et
1011 637 1012 640 ,

150 649 186 699 de
203 647 341 699 iudicibus
360 647 453 698 latura
470 650 649 700 sententiam:
670 648 771 715 quippe
790 663 893 714 verone
913 668 947 704 an

147 714 223 767 tarso
234 713 323 766 honos
334 716 434 782 cuique
445 712 608 778 haberetur,
626 716 753 782 ignorari
762 731 818 765 non
828 724 947 782 poterat.

148 783 172 834 5.
191 781 300 834 Primus
315 783 435 833 omnium
449 783 560 832 virtutis
575 797 660 833 causa
669 782 788 832 donatus
799 789 842 833 est
852 783 948 836 Athac-

147 850 205 901 rias
225 851 329 912 senior,
349 850 397 916 qui
412 849 545 900 omissum
561 850 633 915 apud
643 849 863 900 Halicarnasson
878 866 895 901 a
907 853 947 902 iu-

148 917 276 968 nioribus
291 917 430 982 proelium
442 932 513 966 unus
525 917 643 968 maxime
657 917 835 968 accenderat:
855 920 947 984 proxi·

108 983 111 992 '
148 1001 212 1035 mus
224 985 252 1034 ei
262 983 413 1049 Antigenes
426 985 501 1034 usus
517 991 571 1034 est:
591 983 702 1035 tertium
716 984 809 1038 locum
819 983 947 1036 Philotas

148 1055 279 1118 Augaeus
290 1050 423 1101 obtinuit:
444 1057 556 1118 quartus
566 1053 701 1118 Amyntae
712 1053 792 1103 datus
809 1058 863 1103 est:
884 1064 947 1118 post

148 1117 204 1169 hos
212 1118 377 1186 Antigonus,
390 1125 418 1169 et
427 1118 461 1168 ab
472 1133 506 1170 eo
517 1117 815 1198 Lyncestespnyntas
826 1119 892 1172 fuit:
905 1135 947 1170 se·

148 1187 265 1252 ptimum
274 1186 365 1236 locum
377 1183 550 1250 Theodotus,
561 1187 601 1220 ’Μ’
612 1187 738 1238 ultimum
750 1187 871 1239 obtinuit
879 1187 947 1238 Hel·

147 1253 266 1305 lanicus.
300 1253 325 1304 6.
343 1253 374 1304 ln
384 1253 532 1320 disciplina
543 1270 653 1322 quoque
662 1255 791 1306 militaris
803 1256 843 1305 rei
855 1255 945 1321 plera·

147 1335 202 1390 pue
213 1335 230 1371 a
240 1321 391 1373 maioribus
401 1323 504 1374 tradita
514 1323 621 1374 utiliter
630 1323 755 1375 mutavit.
783 1323 852 1374 Nam
863 1339 946 1390 quum

147 1396 212 1440 ante
228 1389 335 1455 equites
344 1390 374 1439 in
384 1405 461 1440 suam
471 1391 588 1456 quisque
600 1397 710 1458 gentem
721 1391 947 1441 describerentur

147 1471 274 1510 seorsum
288 1471 305 1506 a
324 1457 439 1519 ceteris3
461 1465 589 1523 exempto
609 1459 751 1508 nationum
775 1459 947 1521 discrimine,

146 1522 308 1590 praelectis,
318 1538 374 1574 non
385 1525 481 1589 utique
490 1539 603 1575 suarum
614 1526 746 1591 gentium,
757 1525 808 1574 sed
817 1526 945 1586 delectis,

146 1591 283 1642 attribuit.
318 1593 343 1640 7.
363 1591 450 1652 Tuba,
472 1607 555 1658 quum
566 1598 657 1642 castra
666 1605 779 1642 movere
790 1591 890 1652 vellet,
911 1593 946 1642 si·

147 1674 232 1724 gnum
242 1657 339 1719 dabat,
350 1658 429 1707 cuius
440 1672 526 1708 sonus
537 1659 711 1726 plerumque,
720 1658 946 1709 tumultuantium

146 1725 262 1778 fremitu
282 1724 436 1780 exoriente.
456 1722 530 1775 haud
548 1726 616 1774 satis
636 1724 848 1774 exaudiebatur:
878 1739 947 1791 ergo

145 1795 292 1860 perticam,
308 1805 379 1858 quae
389 1791 511 1859 undique
521 1791 647 1856 conspici
656 1797 762 1856 posset,
777 1804 861 1855 supra
869 1805 948 1856 prae-

145 1861 249 1912 torium
257 1861 363 1920 statuit,
371 1873 407 1910 ex
412 1874 467 1926 qua
478 1859 588 1926 signum
598 1857 739 1908 eminebat
747 1858 852 1925 pariter
863 1860 948 1907 omni·

144 1929 199 1980 bus
214 1929 408 1994 conspicuum:
429 1926 630 1978 observabatur
649 1927 723 1993 ignis
742 1932 837 1987 noctu,
856 1923 948 1975 fumus

144 1996 278 2048 interdiu.
315 1994 339 2046 8.
350 1993 462 2064 lamque
473 1994 546 2047 Susa
554 1994 664 2045 adituro
675 1993 811 2056 Abulites,
822 1993 948 2059 regionis

144 2064 208 2116 eius
226 2061 399 2128 praefectus,
423 2062 582 2114 sive'Darii
601 2063 693 2124 iussu,
713 2068 745 2112 ut
762 2060 949 2112 Alexandrum

142 2131 251 2200 praeda
265 2131 411 2192 retineret,
429 2132 489 2182 sive
506 2136 614 2196 sponte,
636 2130 723 2180 tilium
738 2129 848 2179 obviam
862 2129 947 2188 misit,

144 2199 316 2252 traditurum
329 2213 360 2248 se
376 2197 473 2248 urbem
482 2198 656 2266 promittens.
692 2197 716 2246 o.
735 2195 862 2262 Benigne
873 2196 948 2245 iuve-

142 2281 208 2318 nem
220 2267 330 2331 excepit
338 2280 397 2327 rex,
409 2272 438 2316 et
449 2281 483 2317 eo
495 2265 564 2316 duce
573 2263 759 2329 adGhoaspen
771 2277 876 2314 amnem
887 2277 948 2329 per·
991 2309 994 2316 .

142 2334 231 2395 uenit,
244 2333 402 2396 delicatam,
412 2343 444 2383 ut
453 2332 527 2383 lama
538 2337 589 2393 est,
599 2329 747 2384 vehentem
758 2345 864 2396 muana.
891 2330 948 2380 Hic

143 2399 272 2452 Abulites
284 2417 346 2452 curn
357 2401 438 2452 donis
448 2399 553 2466 regalis
567 2399 728 2466 opulentiae
740 2399 869 2450 occurrit.
907 2399 947 2448 lo.

144 2467 304 2520 Dromades
326 2468 424 2520 cameli
437 2467 511 2519 inter
526 2467 600 2518 dona
613 2472 701 2527 erant,
722 2466 880 2516 velocitatis
892 2465 949 2518 exi-

143 2536 234 2599 miae;
249 2535 303 2586 Xll
313 2534 455 2604 elephanti
465 2551 483 2586 a
491 2533 579 2586 Dario
591 2547 626 2584 ex
634 2533 714 2584 India
724 2534 814 2595 acciti,
826 2549 882 2584 non
893 2534 950 2584 iam

143 2612 249 2665 terror,
271 2608 302 2653 ut
321 2609 492 2669 speraverat,
511 2601 712 2662 Macedonum,
732 2599 783 2652 aed
801 2599 949 2661 auxilium3

143 2688 215 2740 opes
232 2673 300 2723 victi
308 2671 344 2722 ad
355 2673 489 2723 rictorem
498 2668 686 2720 transferente
696 2667 818 2721 fortuna.
854 2668 895 2716 ll.
913 2665 950 2716 Ut

141 2755 214 2794 vero
226 2740 325 2795 urbem
335 2738 459 2800 intravit,
480 2737 673 2790 incredibilem
685 2751 720 2789 ex
729 2734 869 2788 thesauris
879 2748 950 2784 sum·

990 2911 1012 3003 t
