2098 3040
276 212 422 262 LIBER
448 211 499 262 IX.
529 213 622 265 CAP.
649 217 673 266 o.
701 218 742 266 lo.
855 216 905 267 8⁷9

1 299 2 324 ³
99 331 165 385 pos:
184 313 414 382 praesidibusque
425 322 454 364 et
464 317 548 364 oraria
560 321 589 364 et
597 314 724 368 locorum
735 317 788 369 diis
800 319 905 370 sacrifi·

98 385 147 436 cio
157 383 245 443 iacto,
256 381 291 432 ad
302 382 419 432 classem
430 381 521 432 rediit.

152 450 187 501 X.
207 450 280 500 llinc
290 449 436 502 adversum
446 448 550 500 flumen
560 447 647 500 subiit
657 449 765 513 classis,
777 461 805 504 et
814 454 905 506 altero

1 513 2 532 ³
98 520 149 570 die
159 518 276 585 appulsa
286 523 329 568 est
338 515 413 569 haud
422 518 593 584 procullaou
606 517 696 578 salso,
717 520 794 570 ouius
808 523 907 587 ignota

1 587 2 590 ’
98 593 201 637 natura
218 586 368 654 plerosque
387 586 500 651 decepit
517 591 624 636 temere
639 585 785 651 ingressos
796 601 905 654 aquam:
978 616 981 620 ·

98 654 204 720 quippe
214 654 323 706 scabies
335 667 456 720 corpora
464 653 577 714 invasit,
598 657 627 702 et
642 653 803 718 contagium
817 656 907 706 morbi

98 722 187 772 etiam
206 722 234 771 in
255 721 327 772 alios
348 723 489 788 vulgatum
507 727 558 770 est.
596 719 831 772 Oleumremedio
843 720 905 772 fuit.

97 792 125 839 2.
144 789 290 840 Leonnato
312 788 413 840 deinde
433 788 598 854 praemisso,
618 792 650 836 ut
666 793 767 853 puteos
786 787 908 851 foderet,

98 871 155 924 qua
173 857 303 908 terrestri
320 857 423 907 itinere
438 856 572 906 ducturus
588 855 742 906 exercitum
752 855 908 917 videbatur,

98 925 215 994 (quippe
227 926 303 978 sicca
318 931 379 974 erat
391 924 496 989 regim)
516 925 576 990 ipse
593 937 655 972 cum
668 924 758 988 copiis
772 923 909 985 substitit,

96 1006 214 1042 vernum
223 997 333 1058 tempus
344 997 520 1056 exspectans.
548 989 662 1040 interim
672 990 793 1041 eturbes
804 991 909 1057 pleras-

1 1077 2 1090 ¹
98 1073 156 1126 que
170 1059 305 1109 condidit.
340 1059 365 1109 3.
384 1057 513 1109 Nearcho
529 1063 613 1124 atque
624 1057 800 1120 Onesicrito,
820 1060 909 1109 nauti-

99 1140 151 1176 cae
161 1126 204 1177 rei
215 1126 322 1191 peritis,
334 1127 491 1192 imperavit,
503 1132 534 1176 ut
542 1125 730 1177 validissimas
741 1127 852 1178 navium
862 1127 909 1178 de·

98 1194 237 1245 ducerent
249 1194 277 1244 in
289 1194 440 1256 Oceanum,
461 1194 661 1262 progressique
672 1193 765 1261 quoad
775 1200 836 1246 tuto
847 1210 910 1262 pos-

99 1267 173 1323 sent,
184 1268 309 1312 naturam
322 1263 407 1314 maris
419 1268 580 1313 noscerent:
595 1263 642 1313 vel
653 1262 752 1313 eodem
763 1274 852 1326 amne,
865 1264 912 1314 vel

97 1325 242 1394 Euphrate
253 1330 347 1382 subire
358 1345 407 1380 eos
419 1344 517 1396 posse,
538 1344 621 1398 quum
636 1333 741 1383 reverti
757 1331 838 1384 adse
853 1332 910 1383 vel-

98 1399 167 1448 lent.
203 1397 229 1448 4.
248 1398 360 1466 lamque
381 1401 509 1467 mitigata
529 1396 631 1462 hieme,
652 1400 816 1464 etnevibus,
837 1416 908 1468 quae

98 1464 215 1516 inutiles
225 1465 399 1530 videbantur,
420 1465 564 1528 crematis,
585 1468 661 1516 terra
672 1466 792 1518 ducebat
803 1471 909 1520 exerci-

99 1540 168 1584 tum.
204 1531 229 1581 d.
241 1531 330 1582 Nonis
341 1533 441 1582 castris
451 1535 480 1582 in
490 1533 636 1598 regionem
647 1533 832 1596 Arabitarum,
843 1538 909 1588 inde
951 1551 952 1556 ’

1 1633 2 1658 ᾗ
99 1599 220 1652 totidem
232 1599 329 1650 diebus
340 1600 369 1650 in
380 1598 582 1649 Gedrosiorum
592 1600 737 1664 regionem
747 1609 911 1666 perventum

1 1691 2 1712 2
100 1674 155 1719 est.
191 1665 277 1718 Liber
287 1664 332 1717 hio
342 1666 470 1732 populus,
491 1666 613 1716 concilio
626 1663 733 1729 habito,
748 1667 858 1718 dedidit
867 1683 910 1732 se3

100 1749 153 1787 nec
165 1733 230 1801 quid
252 1737 314 1784 ua'm
325 1733 429 1784 deditis
441 1739 553 1800 praeter
562 1739 734 1784 commeatus
745 1735 911 1799 imperatum

100 1809 154 1855 est.
190 1801 215 1852 o.
263 1801 340 1851 uinto
352 1798 418 1851 hinc
428 1801 473 1850 die
484 1801 562 1851 venit
571 1799 607 1850 ad
618 1798 729 1863 ilumen,
748 1801 860 1853 Arabon
871 1804 910 1853 in·

101 1871 183 1922 colae
203 1869 353 1936 appellant.
389 1867 480 1936 Regio
501 1869 614 1920 deserta
634 1874 663 1918 et
681 1881 814 1934 aquarum
830 1871 911 1936 inops

100 1937 220 2004 excipit:
242 1952 322 2004 quam
334 1951 472 1999 emensus,
493 1936 521 1985 in
532 1935 649 1986 Horitas
660 1937 769 1987 transit.
804 1935 845 1987 lbi
857 1952 912 1988 ma-

100 2008 192 2057 iorem
203 2005 343 2056 exercitus
353 2011 461 2072 partem
466 2002 672 2070 Hephaestioni
681 2003 810 2066 tradidit3
822 2005 913 2055 levem

101 2077 272 2126 armaturam
297 2087 359 2122 cum
381 2073 546 2124 Ptolemaeo
566 2069 769 2139 Leonnatoque
793 2073 912 2139 partitus

0 2140 1 2159 ³
101 2147 154 2194 est.
191 2141 216 2189 7.
236 2140 305 2190 Tria
316 2139 400 2192 simul
409 2139 521 2207 agmina
530 2139 736 2206 populabantur
746 2139 912 2202 lndos;ma·

101 2223 230 2277 guaeque
240 2207 361 2274 praedae
372 2214 452 2258 actae
462 2213 535 2258 sunt.
554 2207 713 2258 Maritimos
720 2207 912 2270 Ptolemaeus,

102 2283 214 2328 ceteros
224 2278 285 2342 ipse
295 2289 355 2336 rex,
367 2281 396 2326 et
407 2275 441 2326 ala
452 2275 508 2326 alia
518 2275 775 2341 parteLeonnatus,
783 2275 910 2328 urebant.

101 2341 195 2395 luhac
207 2357 318 2411 quoque
333 2358 364 2394 re
387 2345 451 2394 'one
464 2343 563 2394 urbem
578 2343 721 2407 condidit,
742 2343 911 2412 deductique

1 2453 2 2456 ,
102 2417 167 2462 sunt
183 2413 212 2463 in
227 2427 289 2463 eam
299 2413 371 2462 Arac
392 2412 455 2462 osii.
492 2413 517 2462 8.
536 2410 610 2462 Hine
625 2411 797 2478 pervenitad
808 2413 912 2464 mariti·

1 2509 2 2518 κ
101 2493 163 2530 roos
173 2477 266 2531 lndos.
302 2479 452 2532 Desertam
464 2485 626 2546 vastamque
640 2479 785 2547 regionem
799 2480 856 2532 late
871 2486 912 2531 te-

1 2761 2 2778 ³
101 2753 139 2814 si;
159 2765 255 2803 comae

100 2552 177 2610 nent,
189 2561 222 2597 ac
233 2562 267 2599 ne
278 2563 339 2598 cum
350 2547 476 2600 finitimis
487 2546 599 2616 quidem
610 2547 668 2598 ullo
680 2549 841 2600 commercii
850 2549 912 2598 iure

100 2615 262 2668 miscentur.
298 2615 323 2668 9.
342 2616 407 2681 lpse
420 2615 544 2668 solitudo
561 2621 780 2684 naturaquoque
793 2615 914 2667 immitia

1 2711 2 2740 ÷
100 2680 231 2736 efferavit
240 2683 362 2801 inqenia.
399 2683 563 2736 Prominent
573 2697 680 2751 ungues
692 2699 831 2750 nunquam
840 2683 911 2734 reci·

294 2753 399 2804 insutae
421 2758 449 2804 et
468 2754 597 2804 intensae
617 2758 689 2804 sunt.
726 2754 767 2802 1⁰.
786 2752 913 2820 Tuguria
