2036 3030
536 9 547 78 h

191 180 505 235 SUPPLEMENTA.
525 131 603 336 thZ'
623 184 656 234 11.
677 181 759 236 CAP.
779 183 840 235 3.4.
893 183 926 236 61

122 283 198 354 quod
214 283 294 334 vivus
309 284 394 336 fidum
412 286 528 338 amicum
542 291 642 360 naffus
660 292 749 350 esset;
772 287 926 338 exstinctus

120 367 252 418 magnum
264 366 440 417 praeconem.
477 353 681 428 Oeterissetiam
697 352 843 417 heroibus,
859 369 926 422 quo·

120 435 183 468 rum
198 418 235 469 iis
251 420 280 469 in
298 421 381 472 terris
400 420 527 486 sepulcra
547 421 740 488 qwnduntur,
760 422 925 488 parentavit.

120 487 146 537 5.
167 484 341 538 Sacrificavit
359 493 388 537 et
406 486 520 539 Priamo
541 486 576 536 ad
594 487 693 537 Hercii
713 503 797 551 aram,
817 489 876 539 sive
895 497 927 538 ut

118 553 247 620 placaret
256 569 351 605 manes
363 555 397 604 ab
406 553 693 616 Aeacidainteremti3
708 557 766 605 sive
777 556 812 607 ob
824 571 926 624 cogna-

117 622 237 684 tionem,
255 637 336 687 quam
351 621 405 672 sibi
422 637 483 672 oum
498 622 646 672 Iliensibus
663 621 837 676 intercedere
854 624 925 674 arbi·
1003 657 1004 660 =

119 688 260 749 trabatur,
277 689 341 754 quia
356 689 466 738 viduam
483 689 616 739 Hectoris
631 687 842 740 Andromachen
851 689 925 740 Neo·
1003 721 1004 724 =

118 755 259 823 ptolemus
269 758 298 806 in
309 757 486 807 matrimonio
498 754 641 806 habuerat.
676 755 834 818 Minervae,
845 772 926 823 quarn

139 823 271 890 raecipua
288 822 429 888 religione
448 822 647 883 venerabatur,
664 823 797 873 ¹studiose
818 838 925 873 sacrum

117 839 201 942 decit:
216 890 414 955 suspensisque
424 893 453 941 in
466 890 571 955 templo
582 888 665 940 armis
676 890 748 952 suis,
764 888 820 940 alia
836 889 925 941 detra-

117 959 172 1019 xit,
190 971 261 1023 quae
276 971 293 1006 a
305 957 422 1007 Troiani
432 956 501 1009 belli
512 958 684 1025 temporibus
696 957 841 1009 duravisse
852 957 926 1008 dice-

117 1027 230 1076 bantur.
276 1021 299 1074 b.
327 1023 407 1074 Haec
427 1025 460 1075 ab
480 1025 626 1092 armigeris
645 1024 783 1091 praeferri
802 1023 926 1085 iubebat,

120 1101 253 1156 tanquam
270 1106 287 1140 a
301 1091 423 1157 propitio
441 1093 552 1143 numine
573 1093 607 1144 ad
628 1093 812 1160 subigendam
833 1093 927 1143 Asiam

121 1158 310 1209 commodata:
320 1159 411 1225 iisque
421 1160 546 1212 indutum
557 1160 651 1212 ferunt
661 1162 694 1213 ad
702 1161 852 1212 Granicum
863 1175 926 1210 cum

118 1226 241 1292 satrapis
256 1226 423 1278 decertasse.
459 1230 483 1278 Ἰ.
502 1229 633 1295 Alioquin
648 1228 824 1296 elegantibus
840 1227 925 1278 armis

118 1293 269 1362 gaudebat,
281 1293 382 1346 nullius
393 1295 541 1346 munditiei
551 1296 713 1354 studiosior.
751 1295 834 1347 Cetra
843 1311 925 1347 usum

114 1360 230 1427 reperio
242 1361 645 1430 splendida,'galeacleganter
655 1365 783 1426 cristata,
793 1365 924 1430 utrinque

117 1428 339 1496 dependentibus
363 1431 455 1496 pinnis
479 1431 599 1482 candore
620 1437 648 1482 et
673 1433 864 1498 magnitudine
884 1433 924 1480 in-

115 1497 255 1564 signibus,
275 1495 390 1548 thorace
410 1498 485 1549 lineo
507 1499 619 1565 duplici.
665 1499 782 1550 Galeam
803 1497 925 1549 habebat

114 1564 237 1616 ferream
258 1565 378 1630 quidem,
400 1565 450 1616 sed
468 1568 497 1616 in
517 1567 659 1632 purissimi
675 1567 785 1633 argenti
801 1569 924 1632 speeiem

116 1631 729 1701 splendoremquepolitam,Theophiliopus.
766 1633 790 1684 8.
810 1633 923 1699 collare

114 1699 240 1750 ferreum
249 1698 444 1750 internitentes
459 1715 584 1766 gemmae
603 1700 822 1767 distinguebant.
860 1698 924 1750 Gle-

116 1767 165 1818 dio
178 1766 342 1832 cingebatur
352 1766 478 1816 acumine
489 1773 518 1817 et
528 1767 630 1817 duritie
639 1767 668 1816 in
684 1769 780 1832 paucis
791 1765 924 1828 notabili3

117 1833 294 1900 augebatque
304 1834 425 1899 pretium
435 1833 508 1896 eius,
520 1834 593 1900 quod
603 1835 632 1884 in
643 1838 721 1883 tanto
732 1831 801 1882 ferri
810 1831 923 1894 robore,

114 1902 188 1951 leris
205 1906 234 1950 et
246 1901 380 1952 tractanti
394 1898 495 1952 habilis
511 1908 579 1952 erat.
616 1900 691 1951 Huic
708 1906 864 1950 armaturae
884 1899 923 1948 in-

114 1967 227 2019 terdum
247 1969 394 2019 amiculum
416 1967 537 2020 militare
556 1969 713 2030 iniiciebat,
738 1968 812 2034 quod
835 1981 923 2034 genus

114 2043 176 2086 tum
193 2035 316 2087 Siculum
334 2036 534 2104 appellabatur.
571 2035 595 2087 e.
616 2036 746 2087 Ceterum
758 2035 923 2105 quibusdam

115 2102 217 2153 horum
228 2110 293 2168 post
301 2102 331 2152 id
342 2111 451 2170 tempus
460 2105 566 2170 potitus
578 2111 633 2156 est:
644 2119 707 2155 nam
718 2102 830 2164 thorax,
841 2116 922 2168 quem

115 2171 246 2232 diximus,
266 2171 340 2220 inter
360 2172 451 2239 spolia
464 2173 580 2239 pugnati
594 2172 628 2223 ad
640 2172 728 2222 lssum
741 2169 843 2237 proelii
855 2168 921 2232 fuit;
965 2179 969 2186 '

115 2236 241 2305 gladium
251 2238 404 2289 Citieorum
419 2253 469 2290 rex
484 2239 603 2306 Cyprius
619 2239 693 2289 dono
710 2237 799 2301 dedit3
819 2236 921 2288 Rhodii

59 2365 60 2368 Ἴ
113 2305 252 2368 balteum,
269 2319 350 2372 quern
364 2306 577 2374 incomparabili
590 2306 729 2358 industria
742 2307 921 2371 conspicuum

114 2373 240 2424 Helicon
261 2371 382 2436 fecerat,
407 2375 538 2442 egregius
561 2375 636 2424 inter
656 2374 765 2438 priscos
788 2375 919 2426 artifices.

117 2444 157 2491 le.
177 2438 274 2508 Neque
288 2442 416 2508 poenitet
429 2441 498 2493 talia
511 2455 679 2502 memorare,
695 2455 765 2507 quae
779 2442 920 2493 veteribus

114 2508 300 2573 scriptoribus
310 2509 396 2576 digne
408 2509 501 2560 relatu
513 2508 689 2572 videbantur;
704 2515 733 2560 et
746 2509 853 2626 alioqui
865 2522 921 2558 ma·

114 2589 234 2642 gnorum
252 2589 350 2644 regum
370 2576 446 2628 dicta
464 2575 605 2643 factoque,
625 2576 709 2626 etiam
727 2591 797 2644 quae
825 2575 921 2626 eriora

114 2641 215 2694 haberi
224 2643 327 2706 solent,
339 2659 394 2694 non
404 2645 464 2696 sine
475 2643 568 2694 fructu
580 2649 628 2694 eut
637 2643 780 2710 voluptate
793 2641 920 2692 recolun-

57 2719 60 2722 '
112 2721 169 2763 tur.
207 2711 247 2761 ll.
269 2710 350 2764 cene
370 2727 446 2763 arma
465 2711 615 2764 Alexandri
634 2726 753 2829 selqu2ens
775 2715 853 2761 aetas
874 2708 919 2758 diu

933 2909 1004 3002 A
