2054 3030
207 215 521 276 SUPPLEMENTA.
540 217 618 268 LlB.
637 218 669 268 ll.
691 218 774 270 caP.
794 220 818 269 2.
871 221 903 270 83

102 325 156 379 tur,
167 323 200 368 ut
208 318 236 368 in
250 319 511 385 abruptam'insulac
523 332 613 380 oram,
628 321 741 370 velutin
750 336 844 372 muros
855 319 904 377 bo-

103 385 177 436 stilis
189 384 291 452 oppidi,
302 386 513 437 transcenderet
522 385 611 435 miles.
639 386 678 435 19.
699 389 732 437 At
741 405 823 456 quum
833 404 904 443 mer-

104 453 233 503 cenarios
243 451 376 516 Graecos,
388 455 435 520 qui
447 469 480 504 eo
492 451 685 518 confugerant,
697 457 820 519 quamvis
830 455 905 506 baud

101 521 197 586 plures
204 521 337 572 trecentis
350 527 453 582 essent,
464 521 562 572 ultima
570 521 629 585 pati
638 527 749 586 paratos
761 523 903 590 conspice-

101 594 155 649 ret,
165 587 296 638 misertus
305 589 429 638 virorum
438 587 566 650 fortium,
585 593 613 637 et
623 588 671 652 qui
680 601 730 652 pro
741 589 795 640 tide
804 592 833 640 in
843 606 901 649 eos,

101 669 120 704 a
130 653 228 721 quibus
239 655 370 707 conducti
380 661 467 716 erant,
479 653 552 704 haud
563 653 662 719 procul
673 653 902 719 exitioabessent,

100 722 282 788 iispepercit,
304 728 333 772 et
342 737 436 772 secum
445 721 566 770 militare
576 721 668 771 iussit.
703 722 745 769 20.
763 721 902 774 Barbaros

98 788 208 840 inurbe
219 787 408 854 deprehensos
417 788 446 838 in
461 788 623 837 servitutem
635 787 756 856 redegit:
774 789 903 853 Milesiis,

101 857 150 924 qui
169 856 377 921 superfuerant,
395 854 555 904 libertatem
573 853 707 920 restituit,
729 854 764 904 ob
783 860 904 907 veterem

100 923 179 974 urbis
190 923 318 990 gloriam.
354 924 474 972 Tantum
484 922 555 972 enim
565 920 713 988 aliquando
731 922 830 989 opibus
845 923 904 991 glo-

99 991 200 1057 riaque
213 989 329 1040 Miletus
344 987 488 1050 floruerat,
507 994 538 1038 ut
550 1001 601 1056 per
612 988 704 1042 vicine
718 991 807 1041 maria
821 1005 905 1057 supra

100 1056 285 1124 septuaginta
295 1055 421 1107 colonias
432 1055 590 1120 deduxerit3
626 1057 667 1106 21.
688 1054 782 1110 multis
794 1073 904 1126 quoque

100 1124 212 1176 civibus
226 1123 342 1185 nobilis,
363 1123 411 1190 qui
427 1124 457 1173 in
471 1123 557 1174 sacris
573 1125 768 1176 certaminibus
786 1126 904 1192 palmam

100 1191 321 1258 adepti,pat1iae
332 1189 523 1242 celebritatem
534 1197 681 1254 auxerants
693 1209 755 1243 narn
766 1193 904 1247 eiusmodi

98 1257 247 1320 victoriae,
258 1272 334 1309 more
345 1259 464 1326 quodam
475 1257 657 1322 Graecorum,
667 1259 741 1310 inter
749 1263 839 1328 prima
850 1262 903 1312 vir-

98 1328 170 1380 tutis
181 1325 284 1376 decora
294 1332 448 1378 censentur.
460 1382 463 1390 ‚
483 1328 525 1376 22.
536 1326 567 1376 ln
577 1341 659 1394 quem
667 1327 776 1380 iocatus
786 1329 903 1381 Alexan·

100 1395 166 1456 der,
186 1408 286 1462 magna
303 1393 479 1445 multitudine
500 1399 651 1444 statuarum
673 1402 837 1463 conspecta,
858 1395 905 1446 ubi

99 1469 181 1514 erant
193 1460 305 1512 istorum
317 1461 420 1524 lacerti,
430 1461 532 1528 iuquit,
556 1475 635 1528 quum
649 1461 794 1514 Persarum
810 1461 902 1531 iugum

98 1527 252 1596 recepistis?
270 1529 369 1595 quippe
384 1530 426 1579 vir
440 1533 580 1591 strenuus,
595 1534 623 1580 et
638 1529 811 1581 utl‘bellandi
823 1547 904 1582 usum

99 1603 201 1648 cuncta
211 1595 345 1658 referens,
355 1597 572 1663 ignominiosum
582 1595 710 1659 ducebat,
726 1598 848 1649 debiturn
861 1613 903 1648 se·

97 1665 151 1717 riis
165 1665 361 1715 certaminibus
378 1664 464 1714 robur
477 1661 512 1712 ad
530 1663 700 1729 voluptatem
714 1666 813 1714 inertis
825 1665 902 1730 vulgi

96 1733 176 1784 inani
194 1731 382 1782 ostentatione
396 1743 569 1780 consumere.
606 1729 647 1779 23.
666 1731 777 1780 Interea
789 1731 904 1792 milites,

118 1799 168 1852 uia
176 1799 203 1849 vi
212 1799 357 1850 introitum
368 1802 436 1858 erat,
453 1795 537 1846 obvia
548 1810 673 1862 quaeque
685 1795 858 1861 diripientes,
870 1796 904 1846 ad

96 1817 196 1920 panum
207 1867 317 1919 Cereris
327 1868 522 1931 pervenerant:
544 1863 711 1930 quodquam
722 1862 906 1929 exspoliaturi

98 1933 212 2003 quidam
226 1933 403 2000 irrupissent,
423 1932 498 1998 ignis
513 1946 547 1981 ex
561 1931 752 1997 penetralibus
768 1930 846 1982 aedis
862 1945 904 1980 re-

95 2006 185 2071 pente
198 2001 328 2062 emicans,
349 1999 551 2066 sacrilegorum
568 1997 666 2050 oeulos
682 1998 826 2050 exstinxit.
862 1997 903 2047 M.

94 2070 156 2122 Hic
164 2068 245 2118 etiam
255 2068 464 2136 progenitorum
475 2081 588 2118 suorum
596 2071 776 2118 monumenta
784 2065 903 2115 Alexan·

96 2139 151 2189 der
159 2137 273 2202 reperit,
283 2137 410 2200 inspecto
421 2133 508 2195 tonte,
521 2136 599 2184 cuius
613 2149 685 2201 aqua
695 2149 730 2184 ex
741 2134 802 2198 ipso
814 2138 903 2183 scatu-

94 2204 199 2272 riginis
217 2203 297 2253 labro
311 2201 412 2252 hausta
425 2202 530 2252 salsum
544 2216 673 2268 saporem
691 2199 785 2261 habet,
807 2199 903 2250 eadem

95 2271 274 2333 dulcissima,
299 2285 380 2337 quum
399 2267 533 2335 profluxit
550 2270 579 2318 in
598 2269 714 2319 rivulos.
750 2263 902 2319 Achilleum

93 2339 205 2392 Milesii
218 2337 360 2390 nominant
373 2338 457 2403 inque
474 2351 507 2386 eo
521 2335 670 2386 lustratum
683 2333 796 2386 beroem
808 2349 903 2386 rumor

93 2406 204 2467 tenuit,
226 2419 308 2472 quum
324 2403 509 2457 Strambelum
519 2403 680 2453 Telamonis
695 2402 781 2454 lilium
792 2402 903 2454 Lesbiis

93 2473 233 2526 auxilium
245 2471 381 2523 ferentem
393 2471 586 2537 oppressisset.
620 2470 662 2522 25.
680 2468 762 2536 Apud
773 2471 903 2524 Milesios

93 2540 232 2608 Didymei
244 2540 381 2605 Apollinis
400 2538 542 2589 oraculum
560 2542 632 2598 erat,
653 2537 757 2588 divitiis
773 2537 903 2651 iamaqlue

93 2607 221 2660 celebre.
255 2607 287 2658 ld
296 2613 355 2658 tum
366 2607 511 2668 Seleucus,
528 2605 605 2655 cuius
619 2604 754 2658 maxirnae
767 2604 863 2672 postA
877 2615 903 2650 e-

19 2679 22 2686 '
68 2686 73 2696 ’
92 2675 234 2730 xaudrum
249 2689 316 2740 opes
330 2673 422 2735 farere,
444 2673 478 2724 de
491 2673 584 2724 reditu
597 2672 625 2722 in
635 2672 828 2724 Macedoniam
840 2683 904 2719 con·

93 2743 220 2796 suluisse
232 2743 342 2804 dicitur,
354 2747 382 2793 et
391 2755 554 2808 responsum
566 2741 720 2860 αεοερέεὲε,
743 2745 804 2803 ‚,ut,
817 2735 892 2786 Euro
916 2795 918 2800 ,

961 59 971 92 ,l

972 76 1015 363 R

989 188 993 200 Ι

1000 349 1015 376 ‘b

1008 381 1009 391 1

1009 451 1015 461 ⁴

963 2857 1015 2970 ‘i
