2048 3034
2 179 7 270 l

2 276 7 359 l

259 144 410 198 LIBER
435 147 482 198 IV.
515 147 611 199 CAP.
639 150 678 199 13.
825 151 874 200 175

63 249 137 298 tium
149 246 328 299 ostendebat:
365 251 389 299 2.
409 264 442 300 ac
457 250 590 317 pleraque
609 252 712 314 inania,
735 251 874 304 sicutfre·

63 315 151 364 mitus
163 312 313 379 hominum,
326 330 459 384 equorum
471 316 751 380 hinnitusmrmorum
759 320 874 372 interni·

64 383 186 432 tentium
211 380 318 450 fulgor,
353 383 504 436 sollicitam
524 389 734 451 exspectatione
752 395 892 440 mentem>

64 449 258 500 turbaverant.
294 450 318 502 3.
337 452 426 519 Igitur
446 454 505 504 sive
526 453 627 504 dubius
647 454 745 515 animi,
765 456 823 507 aive
842 463 874 506 ut

63 532 135 568 suos
147 517 330 583 experiretur,
352 521 498 571 consilium
519 519 644 572 adhibet:
665 521 731 587 quid
742 523 874 586 optimum

62 584 146 636 factu
163 592 247 647 esset,
268 587 426 654 exquirens.
464 588 488 638 l.
508 587 666 648 Parmenio,
689 589 873 654 peritissimus

60 655 141 703 inter
152 651 236 704 duces
247 654 348 704 artium
357 654 435 717 belli,
446 654 531 716 furto,
544 671 600 707 non
609 655 730 722 proelio,
752 670 821 772 opus
832 671 873 706 es·

62 734 95 770 se
108 720 253 771 censebat:
273 723 360 772 intem
382 730 443 772 esta
452 730 535 773 nocte
548 723 667 790 opprimi
675 738 759 788 posse
787 729 875 786 ostes:

61 787 211 840 discordes
222 790 356 851 moribus,
363 738 481 856 Pinguis,
501 789 536 840 ad
547 788 617 841 haec
628 805 725 842 somno
736 797 765 841 et
773 789 875 856 impro-

61 857 126 906 viso
138 856 264 920 periculo
275 857 403 918 territos,
423 857 533 921 quando
545 858 572 907 in
583 866 719 909 nocturna
729 857 874 924 trepidati-

61 937 119 974 one
132 921 275 974 coiturosl
310 924 334 974 5.
353 924 389 974 At
401 924 524 974 interdiu
538 925 653 990 primum
671 926 813 976 terribiles
829 940 873 976 oc·

60 1005 195 1042 cursuras
215 989 304 1041 facies
316 989 481 1058 Scytharum
495 991 774 1061 Bactrianorumque:
800 991 875 1044 hirta

58 1059 121 1108 illis
135 1072 194 1119 ora,
206 1061 235 1107 et
244 1057 372 1110 intonsas
384 1073 477 1110 comas
489 1074 565 1124 esse,
583 1068 731 1128 praeterea
742 1062 872 1113 eximiam

57 1132 209 1178 vastorum
220 1126 437 1192 magnitudinem
449 1143 604 1194 corporum.
641 1127 729 1181 Vanis
741 1135 769 1181 et
783 1129 872 1180 inani·

56 1195 113 1246 bus
126 1192 247 1244 militem
256 1195 345 1260 magis
357 1211 437 1262 quarn
446 1197 528 1247 iustis
539 1195 697 1249 formidinis
709 1198 802 1249 causis
813 1212 871 1247 mo-

56 1262 132 1312 veri.
171 1259 194 1311 6.
214 1259 324 1313 Deinde
335 1268 438 1314 tantam
458 1264 665 1316 multitudinem
685 1264 871 1317 circumfundi

57 1329 243 1397 paucioribus
255 1344 348 1396 posse.
384 1330 445 1382 Non
456 1333 485 1382 in
497 1333 613 1384 Ciliciae
623 1334 771 1402 angustiis,
791 1339 819 1384 et
829 1334 872 1384 in·

57 1399 115 1447 viis
137 1395 264 1458 callibus,
284 1396 335 1448 sed
353 1397 381 1450 in
398 1407 494 1465 aperta
505 1408 533 1451 et
543 1401 601 1452 lata
611 1401 726 1467 planitie
737 1402 869 1454 dimican-

59 1465 127 1515 dum
138 1461 209 1520 fore.
238 1465 263 1516 7.
280 1463 381 1516 Omnes
391 1465 479 1518 ferme
490 1465 669 1519 Parmenioni
680 1469 867 1520 assentieban*

58 1543 119 1583 tur:
142 1531 320 1598 Polypercon
340 1532 413 1584 haud
433 1534 516 1585 dubie
531 1537 559 1586 in
573 1551 606 1586 eo
619 1536 738 1588 consilio
748 1537 870 1603 positam

58 1599 210 1650 victoriam
221 1601 415 1652 arbitrabatur.
438 1602 463 1652 8.
480 1601 568 1662 Quem
579 1604 690 1654 intuens
700 1619 763 1666 rex:
783 1607 871 1666 (nani-

61 1682 116 1734 que
128 1665 351 1730 Parmenionem,
363 1683 449 1734 nuper
460 1669 551 1719 acrius
581 1685 644 1719 uam
655 1670 742 1722 vellet
751 1671 869 1735 increpi-

3 1757 5 1790 :
58 1743 130 1796 tum,
141 1749 238 1785 rursus
249 1737 389 1802 castigare
400 1750 456 1786 uon
466 1737 572 1786 sustine
594 1738 633 1796 at)
648 1738 869 1796 latrunculorum,

59 1801 163 1869 inquit,
175 1810 201 1852 et
202 1799 303 1870 surum
312 1800 365 1853 iata
378 1801 497 1853 sollertia
508 1811 555 1865 eat,
569 1817 646 1871 quam
653 1802 812 1870 praecipiti:
821 1801 869 1854 mi-

3 1893 4 1942 :
60 1869 108 1932 b:';
122 1867 219 1936 quippe
228 1868 335 1921 illorum
345 1879 435 1922 cotum
446 1870 554 1921 unicum
565 1877 611 1931 est,
615 1871 727 1938 fallere.
752 1869 776 1922 9.
794 1868 871 1922 Meae

60 1952 125 1987 vero
134 1936 243 2004 gloriae
252 1953 354 2005 semper
364 1947 413 1990 aut
422 1936 570 1990 absentium
580 1936 672 2000 Darii,
688 1946 738 1992 aut
747 1938 869 2006 angusti·

60 2021 91 2055 aa
101 2005 232 2066 locorum,
243 2013 293 2056 aut
316 2015 405 2057 urtum
416 2006 501 2058 noema
513 2005 619 2058 obstare
630 2023 684 2058 non
690 2006 803 2073 patiar:
821 2022 869 2085 pq-

3 2101 5 2118 ·
59 2073 280 2141 lamluceaggre
298 2073 419 2126 icertum
430 2083 481 2126 est:
500 2075 569 2126 mulo
581 2073 760 2142 mafortunae
775 2090 869 2141 poena·

61 2148 126 2204 teat,
141 2139 475 2209 quumvictoriaepudect.
510 2145 552 2194 10.
573 2141 617 2193 Aa
635 2142 701 2194 baec
719 2140 787 2194 illud
805 2157 870 2208 quo-

3 2255 4 2262 ,
61 2223 112 2274 que
125 2206 245 2272 accedit:
266 2207 372 2278 uigilias
384 2226 465 2277 agere
476 2209 614 2271 barbaros,
634 2218 662 2260 et
673 2209 702 2260 iu
714 2209 796 2260 armis
814 2217 869 2260 sta·
896 2223 897 2226 ’

3 2317 4 2350 ,
59 2293 98 2338 re,
110 2284 144 2326 ut
152 2292 185 2326 ue
196 2275 281 2355 decipi
291 2275 394 2343 quidem
400 2276 514 2344 possint,
527 2285 690 2344 routpertum
703 2276 796 2328 babeo.
811 2275 867 2330 Itu-

3 2367 4 2377 *
61 2359 112 2411 que
124 2341 162 2393 ad
169 2345 303 2410 proelium
317 2361 362 2396 vor
377 2354 486 2412 parate.
523 2344 570 2397 Sic
581 2345 713 2396 incitatos
725 2345 760 2395 ad
771 2359 870 2412 corpo·

58 2426 91 2462 ra
103 2413 228 2464 curanda
238 2411 352 2464 dimisit.
375 2415 414 2463 11.
430 2413 533 2464 Darius
543 2411 623 2475 illud,
635 2412 708 2478 quod
719 2411 867 2466 Parmenio

59 2485 199 2544 suaserat,
210 2477 320 2533 hostem
330 2479 468 2532 facturum
479 2495 541 2532 esse
554 2483 724 2544 coniectans,
742 2480 870 2534 frenatos

60 2562 149 2616 equos
171 2553 255 2611 stare,
274 2564 457 2616 magnamque
471 2551 610 2600 exercitus
620 2555 729 2615 partem
740 2549 769 2600 in
782 2551 868 2601 armis

59 2630 131 2678 esse,
144 2631 177 2666 ac
187 2616 299 2684 vigilias
310 2617 461 2669 intentiore
476 2633 542 2668 cura
552 2618 658 2668 servari
672 2617 804 2670 iusserat:
826 2631 867 2666 er·

59 2698 95 2750 go
105 2681 221 2754 ignibus
233 2691 294 2736 tota
305 2687 364 2736 eius
376 2691 468 2738 castra
483 2684 643 2753 fulgebant..
674 2687 714 2737 la.
731 2685 795 2752 lpse
806 2697 867 2734 cum
