2098 3040
123 211 172 264 862
341 206 513 269 QUINTI
540 207 708 259 GURTII

122 311 218 364 hostes
229 311 376 362 exsisteres
396 309 474 371 Quos
483 314 515 360 ut
524 323 620 360 omnes
631 308 749 360 fundent
760 307 926 376 fugentque‚

120 378 357 448 quodpreemium
372 377 451 444 ipsos
466 376 597 428 maneret
616 376 778 442 caliginem,
799 390 832 426 ae
849 381 927 426 tene·

119 449 192 507 brae,
214 451 243 496 et
261 451 423 513 perpetuam
442 451 551 495 noctem
571 442 711 510 profundo
730 442 926 506 incubantem

117 513 254 581 repletum
266 513 425 564 immanium
434 511 589 562 belluarum
600 509 733 577 gregibus
742 508 860 574 fretum3
875 510 926 560 im·

119 580 238 633 mobiles
247 581 345 642 undas,
365 580 394 630 in
405 579 505 645 quibus
516 579 655 629 emoriens
666 583 767 628 nature
777 576 925 628 defecerit.

119 648 160 702 19..
177 649 238 700 Rex
256 663 311 700 oon
330 661 389 706 sua,
410 645 461 696 sed
478 646 597 697 militum
610 644 801 696 sollicitudine
815 645 927 708 ennius,

119 716 254 768 concione
273 714 409 765 advocate
423 713 520 775 docet,
540 712 668 763 imbelles
686 726 856 778 esse‚‹quos
868 727 927 762 me-

118 789 205 836 tuont.
241 780 319 834 Nihil
328 779 429 832 deinde
441 787 552 847 praeter
562 779 612 830 has
624 785 723 847 gentes
735 779 857 848 obstare,
869 794 926 845 quo

118 851 223 912 minus,
234 856 370 900 terramun
380 849 471 914 spatie
481 849 598 909 emensi,
613 847 647 898 ad
659 847 740 898 tinem
755 846 839 897 simul
847 863 925 913 mun-¹

118 917 149 968 di
166 916 348 983 laborumque
368 916 541 980 perveniant.
578 917 618 966 20.
643 914 769 966 cessisse
790 912 849 964 illis
868 929 926 966 me-

117 985 263 1036 tuentibus
274 983 409 1050 Gengem,
430 988 458 1033 et
468 982 673 1033 multitudinem
685 982 837 1044 nationum,
852 997 925 1048 quae

117 1051 194 1103 ultre
203 1065 310 1102 emnem
322 1055 428 1101 essent:
451 1049 608 1102 declinasse
618 1051 674 1100 iter
685 1064 733 1110 so,
744 1047 793 1098 ubi
803 1063 854 1116 par
864 1050 926 1115 glo·

117 1118 177 1180 rie„
189 1119 280 1169 nrinus
294 1117 449 1185 perieulum
464 1124 547 1170 esset.
584 1118 624 1166 tl.
644 1117 702 1168 lam
715 1117 878 1184 prospicere
894 1131 926 1166 se

119 1185 274 1237 Oceanum:
297 1187 352 1236 iam
362 1183 481 1251 perflare
493 1186 529 1235 ad
537 1187 615 1250 ipsos
627 1198 721 1234 auram
732 1184 828 1235 meris:
839 1197 874 1236 ne
883 1185 928 1236 in·

116 1253 246 1304 viderent
255 1252 310 1302 sibi
320 1252 441 1313 laudem,
454 1267 533 1318 quam
545 1256 662 1319 peteret.
697 1250 829 1302 Herculis
840 1257 869 1302 et
879 1250 927 1302 Li·

117 1318 179 1370 beri
190 1319 276 1384 petris
287 1320 422 1369 terminos
433 1319 601 1370 transituros
612 1318 688 1380 illos,
698 1318 761 1384 regi
772 1333 928 1385 suo‚parvo

117 1385 269 1452 impendio,
281 1385 518 1436 immortalitatem
529 1385 619 1437 famae
632 1386 757 1437 daturos.
792 1385 928 1438 Pateren·

116 1460 164 1504 tur
174 1466 204 1504 se
217 1466 253 1504 ex
262 1452 342 1504 lndiu
351 1453 454 1516 redire,
464 1469 519 1504 non
531 1453 639 1520 fugere.
675 1455 716 1502 22.
729 1453 823 1504 Omnis
835 1455 928 1505 multi·

119 1520 196 1584 tudo,
208 1525 237 1571 et
245 1521 365 1572 maxime
375 1521 515 1583 militaris,
527 1521 624 1572 mobili
635 1521 739 1587 impetu
749 1520 847 1571 fertur.
884 1523 928 1572 lta

118 1588 267 1640 seditionis
281 1604 337 1640 non
353 1589 478 1640 remedia
491 1605 572 1656 quam
589 1587 725 1656 principia
734 1589 842 1639 maiora
852 1595 926 1638 sunt.

119 1657 160 1706 23.
181 1655 245 1707 Non
255 1656 325 1707 alias
335 1663 391 1707 tam
402 1656 497 1708 alacer
509 1658 614 1708 elamor
625 1657 659 1706 eb
671 1657 798 1706 exercitu
807 1661 852 1704 est
864 1656 928 1704 red·

119 1724 206 1784 ditus,
218 1723 385 1785 iubentium,
397 1723 513 1774 duceret
522 1724 584 1774 Diis
596 1723 739 1784 secundis,
751 1728 780 1774 et
791 1728 929 1788 aequaret

120 1791 225 1858 gloria,
237 1807 307 1858 quos
319 1791 514 1842 aemularetur.
549 1791 656 1842 Laetus
666 1789 708 1840 his
720 1790 928 1840 acclamationi·

118 1858 170 1909 bus
182 1859 216 1909 ad
228 1858 324 1911 hostes
336 1860 463 1926 protinus
474 1864 566 1910 castra
582 1858 680 1908 movit.
716 1857 758 1907 24.
777 1855 927 1907 Validissi-

120 1941 180 1978 mae
192 1926 322 1978 lndorum
334 1932 432 1992 gentes
445 1931 536 1988 erant,
556 1932 585 1976 et
598 1924 703 1975 bellum
716 1926 833 1998 impigre
845 1937 929 1989 pere·

121 1995 198 2054 bant;
221 1993 374 2059 ducemque
388 2009 425 2044 ex
436 1994 550 2044 natione
562 1992 772 2059 Oxydracerum
782 1995 927 2059 spectatae

120 2061 237 2120 virtutis
251 2061 411 2127 elegerant„
425 2061 471 2128 qui
491 2061 541 2112 sub
560 2061 701 2110 radicibus
716 2061 819 2110 montis
833 2065 928 2109 eastra

120 2129 222 2194 nosuit,
243 2128 356 2195 lateque
365 2128 457 2194 ignes,
469 2133 501 2178 ut
511 2128 634 2193 speciem
643 2126 828 2178 multitudinis
840 2140 926 2193 auge-

118 2202 171 2258 ret,
193 2196 328 2259 ostendit;
349 2196 471 2246 clamore
487 2211 603 2262 quoque
613 2210 645 2245 ae
660 2195 701 2245 sui
718 2194 804 2244 moris
815 2193 926 2244 ululatu

118 2263 270 2314 identidem
287 2262 499 2330 adquiescentes
515 2263 686 2314 Macedonas
703 2261 807 2314 frustra
816 2267 926 2311 terrere

117 2336 244 2380 donatus.
281 2332 322 2380 25.
341 2330 397 2380 lam
409 2331 460 2380 lun
468 2329 630 2396 appetebat,
642 2344 723 2397 quum
734 2343 794 2390 rex,
805 2328 927 2379 fiducias

118 2410 150 2446 ee
161 2397 219 2461 spei
232 2397 338 2461 plenus,
360 2397 467 2448 alacres
478 2396 583 2448 milites
594 2413 670 2448 arma
680 2411 789 2462 capere,
806 2402 836 2447 et
845 2395 927 2446 exire

117 2464 244 2514 inaciem
255 2464 340 2514 iubet.
378 2464 442 2525 Sed,
454 2472 565 2514 metune
578 2481 612 2515 an
623 2465 762 2516 seditione
773 2462 876 2514 oborta
885 2463 928 2512 in-

116 2537 160 2582 ter
176 2533 262 2596 ipsos,
284 2532 377 2582 subito
393 2530 579 2598 profugerunt
592 2532 714 2584 barbari.
751 2533 834 2581 Certe
845 2531 929 2582 avios

116 2604 225 2656 montes
237 2603 265 2648 et
275 2598 425 2663 impeditos
437 2606 651 2664 occupaverunt.
689 2599 813 2659 Quorum
824 2613 929 2664 agmen

116 2677 172 2716 ren⁴
180 2663 284 2716 frustra
294 2672 467 2730 persecutus,
477 2665 676 2733 impedimenta
686 2667 768 2733 oepit.
804 2665 846 2717 26.
859 2663 929 2716 Per-

116 2737 227 2781 ventum
238 2732 339 2782 deinde
352 2739 395 2783 est
405 2733 438 2784 ed
452 2734 582 2799 oppidum
589 2733 930 2800 oxydracarum,inquod
