2036 3030
62 160 77 208 h
243 155 376 207 lOANN.
396 155 670 206 FatetNSttEmtt

63 261 208 326 augurium
219 259 247 308 id
259 257 359 318 fuisse,
375 264 438 322 post
455 263 581 306 eventum
592 255 674 306 facile
687 253 861 320 interpretati

64 333 136 376 sunt.
172 327 287 375 'l'erram
299 311 475 390 quoque‘tum
487 324 617 384 movisse,
629 335 809 389 magnamque
821 328 862 370 to-

63 394 183 442 nitruum
207 391 404 458 iulnrinumque
430 393 481 440 rim
507 391 632 456 erupisse
653 389 747 450 coelo,
770 394 863 438 aucto-

64 475 109 510 res
119 457 217 509 habeo.
246 459 287 509 30.
306 458 394 510 Natus
406 465 447 508 est
458 463 558 520 autern,
570 464 599 508 ut
608 458 796 507 accuratiores
810 463 863 505 tra·

64 528 140 587 dunt,
151 526 301 592 incipiente
316 525 350 576 Ol
399 525 479 591 piade
490 531 571 575 sexta
582 539 664 590 supra
675 523 863 582 centesimam,

64 599 193 659 praetore
210 591 323 644 Athenis
343 541 453 659 didiae,
474 609 499 645 a.
519 593 544 642 d.
567 607 611 642 xrr
625 591 743 642 Kalend.
765 590 864 642 Sextii.

65 675 145 726 quem
157 668 213 710 tum
224 675 344 712 mensem
355 661 523 711 Macedones
540 659 627 710 Loum
640 659 787 710 vocabant:
809 672 863 722 quo

64 735 190 792 ternpore
208 729 325 797 populus
337 729 475 778 Romanus
489 728 790 794 quadringentesimum
805 724 864 774 fere

66 811 165 844 annum
176 812 275 864 agens,
287 797 440 846 vicinorum
454 796 536 846 bellis
552 794 746 855 exercebatur,
762 799 790 843 et
803 791 863 842 sub-

66 863 186 979 pugapdo
197 871 332 915 terrarum
344 863 411 913 orbi'
420 863 588 929 quotidianis
599 861 777 913 incrementis
787 873 864 924 prae-

78 946 94 979 u
115 945 129 978 e
150 936 188 981 at.
394 953 396 956 ·
664 953 668 962 ·

117 997 148 1046 ll.
167 999 202 1047 At
212 995 371 1062 Philippus,
388 1002 484 1046 auctus
496 996 567 1057 lilio,
583 995 616 1046 de
628 1011 681 1062 quo
693 1001 806 1062 propter
817 993 863 1042 ob-

66 1064 123 1115 lata
132 1070 175 1114 tot
186 1065 277 1114 omina
287 1078 362 1129 spem
375 1063 571 1130 amplissimam
582 1070 755 1129 conceperat,
765 1061 863 1111 inedu·

67 1132 203 1182 rationem
215 1145 361 1196 curamque
372 1130 431 1180 eius
443 1144 537 1180 omnes
550 1130 736 1195 cogitationes
751 1143 863 1178 conver-

65 1200 109 1250 tit.
145 1200 169 1247 2.
190 1197 297 1263 Quippe
317 1199 358 1246 vir
375 1196 493 1264 prudens
509 1203 537 1246 et
551 1211 644 1245 amans
660 1196 775 1260 patriae,
796 1193 864 1244 nihil
901 1217 903 1221 ·

66 1265 257 1315 molitionibus
269 1265 326 1314 suis
336 1263 491 1331 profectum
501 1261 584 1314 facile
595 1263 740 1323 sentiebat,
748 1263 772 1311 si
781 1261 864 1311 rebus

66 1331 186 1398 undique
198 1332 294 1393 motis,
309 1330 447 1381 homiuem
457 1331 614 1397 imperitum
626 1336 673 1380 aut
683 1344 796 1396 segnem
807 1329 864 1378 Ma-

66 1399 201 1450 cedoniae
215 1404 317 1465 postse
327 1399 510 1464 relinqueret:
530 1413 607 1448 suam
623 1411 731 1464 quoque
746 1397 863 1463 gloriam

65 1465 138 1515 haud
159 1466 309 1516 durabilem
333 1466 461 1526 futuram,
483 1465 508 1515 si
525 1466 702 1516 maximarum
720 1478 811 1514 rerum
825 1465 864 1512 in-

65 1540 225 1596 strumenta,
243 1549 313 1601 quae
324 1540 401 1583 tanta
411 1533 548 1583 industria
559 1532 681 1597 parabat,
693 1533 864 1582 successoris

63 1601 166 1650 inertia
185 1601 363 1666 corrupisset.
409 1601 433 1650 3.
463 1601 606 1667 lieguntur
630 1601 704 1651 inter
730 1599 864 1665 epistolas

66 1667 139 1730 eius,
161 1669 313 1718 venustatis
328 1675 357 1719 et
372 1668 534 1734 prudentiae
550 1669 653 1734 plenas,
671 1668 779 1729 literae,
796 1673 864 1734 'quas

65 1742 122 1785 tum
138 1735 171 1785 ad
186 1735 375 1799 Aristotelem,
397 1737 442 1802 qui
461 1753 521 1789 cum
537 1737 653 1787 Platone
673 1735 863 1792 exercebatur,

63 1801 185 1854 Athenas
197 1804 313 1864 misit‚in
325 1803 395 1856 hunc
406 1805 465 1856 iere
475 1804 585 1854 modum
596 1804 725 1868 scriptae.
761 1803 785 1850 t.
801 1799 864 1849 Phi-

64 1869 150 1949 Iippus
163 1870 304 1922 Aristoteli
320 1874 430 1923 salutem
450 1871 522 1922 dicit.
571 1869 717 1920 Certiorem
738 1876 763 1919 te
774 1865 864 1937 focio,

57 1937 149 2006 filiam
168 1938 236 1992 mihi
249 1939 370 2005 genitum
385 1955 447 1989 esse.
484 1936 540 1986 Nee
546 1936 658 2001 perinde
672 1933 732 1985 Diis
744 1934 864 2003 gratiam

65 2004 159 2067 habeo,
171 2005 242 2074 quod
251 2005 356 2057 ornrrino
368 2014 446 2055 natus
463 2011 513 2064 est,
536 2018 614 2068 quam
630 2003 701 2068 quod
715 2012 740 2053 te
746 2001 865 2069 florente

66 2073 142 2124 nasci
148 2073 221 2124 illum
232 2071 359 2139 contigit.-
369 2087 386 2122 a
397 2087 447 2138 quo
459 2071 598 2121 educatum
608 2069 810 2137 institutumque
819 2087 862 2120 ne·

67 2156 116 2205 que
126 2140 201 2191 nobis
211 2139 349 2208 indignum
359 2154 436 2204 spero
448 2153 597 2200 erasurum,
612 2153 695 2204 neque
708 2137 866 2189 successioni

67 2214 201 2256 tantorum
217 2223 305 2259 rerum
320 2207 457 2273 imparem.
494 2203 584 2265 Sanus
602 2205 670 2256 enim
686 2205 806 2256 existimo
822 2221 865 2257 co·

66 2290 125 2324 rere
134 2273 235 2335 liberis,
258 2290 335 2341 quant
351 2272 496 2340 opprobria
510 2272 642 2323 maiorum
656 2289 764 2324 suorum
774 2274 865 2324 tollen·

65 2348 126 2402 tem,
139 2341 167 2396 tn
175 2357 290 2407 poenam
298 2340 428 2408 genuisse.
465 2340 489 2391 5.
509 2339 605 2408 Neque
619 2340 723 2393 fefellit
734 2357 794 2392 cum
808 2341 865 2406 opi-

65 2410 123 2459 nio:
142 2410 241 2476 quippe
253 2424 329 2475 puer,
343 2409 493 2462 Aristotele
504 2409 619 2460 doctore
631 2409 679 2461 diu
689 2425 763 2470 usus,
775 2407 865 2458 adres

64 2477 92 2524 in
108 2491 142 2526 ea
156 2483 247 2528 aetate
262 2478 398 2544 gerendas
413 2478 521 2545 insigne
537 2477 705 2544 praesidium
720 2477 773 2526 sibi
792 2489 865 2525 com·

63 2545 179 2609 paravit.
216 2544 270 2596 Sed
282 2544 350 2596 haec
360 2553 458 2612 postea
475 2544 643 2596 acciderunt.
679 2544 789 2594 lnterim
801 2558 867 2594 con.

65 2613 154 2663 stituti
165 2619 228 2664 sunt
237 2613 337 2665 infanti
348 2615 498 2665 nutritores
509 2620 591 2678 atque
603 2609 774 2680 paedagogi,
792 2609 864 2661 Leo·
946 2617 948 2620 ’

64 2680 152 2745 nidas,
166 2681 339 2750 Olympiadis
350 2684 528 2749 propinquus,
544 2689 572 2730 et
588 2676 770 2744 Lysimachus
782 2679 862 2727 Acar·
