2082 3042
291 199 437 250 LIBER
461 199 528 252 Vll.
557 200 649 252 CAP.
678 200 703 250 3.
731 201 756 250 4.
882 201 932 250 177
1026 205 1027 210 ’

131 300 242 352 uliares
253 315 334 366 quam
348 299 439 350 fumus
455 300 624 352 ostenderet.
661 299 701 350 lb.
718 301 771 362 llli,
782 274 931 370 'nunquam
1026 291 1027 294 ¹

130 376 195 418 ante
205 368 326 418 interris
337 369 395 418 suis
409 368 515 418 advena
525 369 595 430 viso,
608 382 689 434 quum
700 375 821 419 armatos
833 382 931 434 repen-

129 443 157 485 te
168 435 371 500 conspicerent,
391 435 539 486 exanimati
556 440 641 495 metu,
662 434 794 501 quidquid
807 438 835 486 in
848 441 930 504 tugu-

128 503 179 553 riis
190 509 262 562 erat,
274 500 442 564 afferebant,
452 509 483 552 nt
493 502 658 567 corporibus
670 501 793 566 ipsorum
802 517 930 567 parcere-

129 577 176 620 tur
191 575 311 620 orantes.
348 570 388 619 17.
407 570 468 619 Rex
483 584 582 636 agmen
599 567 763 619 circumibat
777 569 872 634 pedes,
890 571 931 620 ia-

130 642 225 687 centes
236 637 370 704 quosdam
382 636 502 702 erigens,
514 642 542 686 et
552 636 633 697 alios,
645 651 727 702 quum
740 649 823 702 aegre
835 651 931 702 seque·

127 709 234 766 rentur,
250 704 418 754 adminiculo
429 703 556 769 corporis
566 703 609 752 sui
621 703 771 769 excipiens.
807 700 886 753 Nunc
896 703 931 754 ad

126 772 216 838 prima
225 772 313 838 signa,
324 771 433 820 nuncin
444 769 655 830 medium,·nunc
663 771 693 819 in
702 769 801 820 ultimo
812 769 931 835 agmine,
1026 801 1027 804 =

126 839 235 893 itineris
245 837 430 902 multiplicato
441 836 548 898 labore,
560 837 664 887 aderat.
701 838 741 886 18.
761 837 886 888 Tandem
896 836 932 887 ad
983 851 985 856 ·

127 905 248 956 cultiora
259 910 421 971 perventum
430 903 494 953 loca
505 908 556 965 est,
576 910 786 969 commeatuque
797 904 877 970 largo
887 918 930 954 re·

127 979 238 1024 creatus
251 971 403 1022 exercitus:
424 969 507 1021 simul
521 976 550 1021 et
563 972 609 1038 qui
625 972 758 1038 consequi
769 987 824 1021 non
834 975 931 1036 potue-

126 1046 201 1102 rant,
211 1039 301 1090 inilia
312 1043 404 1089 castra
413 1045 555 1088 venerunt.
580 1037 619 1089 11).
631 1038 698 1090 Inde
709 1053 808 1105 agmen
818 1052 931 1104 proces-

128 1107 167 1157 sit
176 1105 213 1156 ad
224 1107 377 1157 Caucasum
387 1111 524 1168 montem,
545 1109 622 1156 cuius
637 1106 749 1157 dorsum
763 1106 856 1157 Asiam
870 1120 931 1171 per-

127 1179 214 1241 petuo
224 1173 254 1226 iu
277 1188 292 1223 o
305 1172 416 1224 dividit:
436 1170 500 1223 hinc
516 1173 598 1223 simul
612 1189 697 1235 mare,
719 1173 792 1240 quod
803 1173 931 1223 Ciliciam

128 1239 215 1300 subit,
235 1189 313 1290 1111111
323 1241 453 1306 Caspium
466 1239 570 1292 fretum
580 1248 609 1291 et
618 1256 726 1292 amnem
736 1243 854 1291 Araxem
865 1241 932 1290 alia-

128 1322 180 1374 que
192 1308 317 1375 regionis
330 1306 463 1374 Scytbiae
474 1309 587 1360 deserta
597 1315 714 1374 spectat.
750 1311 791 1359 111.
812 1310 932 1370 Taurus,

126 1376 266 1426 secundae
277 1376 475 1446 magnitudinis
486 1392 574 1436 mons,
595 1377 777 1428 committitur
790 1377 931 1438 Caueus03

126 1458 143 1492 a
154 1443 330 1510 Cappadocia
339 1458 370 1494 se
383 1444 516 1494 attollens
529 1444 655 1495 Ciliciam
671 1445 817 1510 praeterit,
838 1447 931 1493 Arme

125 1511 244 1576 niaeque
255 1510 397 1562 montibus
406 1511 541 1575 iungitur.
577 1512 619 1560 21.
631 1510 677 1561 Sic
687 1511 761 1560 inter
771 1525 801 1560 se
812 1512 933 1577 totiuga

124 1577 205 1626 velut
223 1577 297 1626 serie
316 1574 496 1626 cohaerentia
514 1583 677 1640 perpetuum
693 1574 796 1626 babent
809 1577 931 1638 dorsum,

126 1659 162 1696 ex
173 1658 227 1708 quo
241 1645 322 1695 Asiae
335 1645 427 1693 omnia
436 1641 497 1692 fere
507 1642 692 1703 ilunsina,alia
700 1643 728 1692 in
739 1643 870 1703 Rubrum,
876 1644 933 1693 alia

124 1713 154 1762 in
167 1710 297 1774 Caspium
308 1723 392 1770 mare,
413 1709 470 1758 alia
479 1709 507 1758 in
519 1710 679 1774 Hyrcanum
692 1719 721 1758 et
729 1709 874 1759 Ponticum
886 1711 932 1760 de-

125 1776 233 1830 cidunt.
269 1778 310 1827 11.
322 1775 398 1828 XVII
409 1777 516 1826 dierum
527 1776 618 1843 spatio
629 1777 782 1826 Caucasum
793 1779 934 1842 superarit

126 1845 278 1898 exercitus.
315 1844 408 1910 Rupes
418 1846 448 1893 in
459 1858 493 1894 eo
506 1842 533 1892 X
542 1845 571 1894 in
583 1843 702 1893 circuitu
712 1843 803 1892 stadia
814 1844 933 1909 comple-

125 1915 345 1980 ctitur,quatuor
355 1914 384 1962 in
395 1911 569 1963 altitudinem
582 1909 735 1972 excedit‚in
747 1925 801 1976 qua
811 1911 933 1961 vinctum

125 1977 297 2032 Promethea
309 1978 398 2030 fuisse
409 1979 560 2046 antiquitas
571 1979 666 2029 tradit.
702 1978 743 2027 23.
763 1977 932 2029 Condendae

124 2051 154 2099 in
165 2047 307 2100 radicibus
318 2049 420 2100 montis
429 2047 491 2098 urbi
501 2047 583 2098 sedes
599 2046 690 2096 electa
702 2051 753 2096 est.
789 2045 840 2097 Vll
851 2045 931 2094 milli-

123 2115 176 2167 bus
199 2116 342 2166 seniorum
360 2115 563 2177 Macedonum,
576 2121 605 2165 et
623 2120 770 2181 praetereo
785 2112 931 2175 militibus,

125 2198 242 2249 quorum
253 2185 393 2250 operanti
403 2183 536 2244 desisset,
557 2182 723 2249 permissum
737 2181 766 2230 in
776 2195 875 2239 novam
887 2195 931 2230 ur-

123 2249 188 2301 bem
203 2250 359 2302 considere.
395 2251 475 2300 Hanc
491 2263 601 2316 quoque
611 2246 810 2298 Alexandriam
820 2247 930 2298 incolae

124 2317 345 2383 appellaverunt.

175 2382 222 2436 IV.
239 2385 275 2436 At
286 2385 402 2445 Bessus,
420 2381 571 2432 Alexandri
590 2381 734 2433 celeritate
773 2383 929 2444 erterritus,

124 2450 188 2502 Diis
202 2453 303 2518 patriis
318 2452 456 2503 sacrificio
470 2450 524 2500 rite
538 2449 625 2511 facto,
645 2451 718 2499 sicut
730 2397 788 2500 iliis
799 2450 928 2516 gentibus

122 2533 185 2570 mos
197 2525 253 2581 est,
265 2535 327 2570 cum
337 2519 433 2570 amicis
445 2517 616 2584 ducibusque
629 2516 769 2583 copiarum
780 2518 854 2567 inter
864 2531 928 2582 epu·

122 2587 167 2638 las
177 2585 299 2637 debello
310 2585 494 2638 consultabat.
530 2586 554 2634 2.
574 2581 680 2634 Crates
690 2597 767 2636 mero
779 2583 929 2634 suesvires

110 2653 280 2706 ’extolleret
299 2652 420 2704 bostium
429 2668 502 2704 nunc
511 2652 705 2714 temeritatem,
724 2651 929 2717 nuncpaucita·

122 2729 190 2786 tem,
211 2734 353 2787 spernere.
388 2721 412 2771 3.
431 2720 585 2786 Praecipue
595 2718 713 2782 Bessus,
733 2718 817 2769 ferox
826 2717 927 2774 verbis.

951 2915 1027 3012 Ι
