2082 3042
297 193 446 243 Lle'lR
466 192 554 244 vill.
585 193 682 246 CA‘P.
711 197 751 247 ll.
878 198 928 248 337

122 295 251 348 daturum
267 294 437 358 Alexandet3
458 299 486 344 et
508 293 598 344 altero
614 309 649 345 ex
661 297 807 350 iuvenibus
829 297 927 359 obside

121 368 244 423 retento,
254 363 345 426 ipsum
355 362 390 414 ad
401 361 587 428 exsequenda,
601 375 671 426 quae
682 363 836 426 obtulerat,
848 365 927 417 dimi·

123 431 169 480 sit.
205 428 230 478 5.
246 428 361 480 Leviter
369 430 483 480 armatis
493 429 550 479 dux
560 427 641 479 datus
653 435 696 480 est
704 430 847 494 Maltinus,
859 433 926 482 scri·

122 496 254 562 baregis.
282 495 344 547 Hos
355 498 428 548 enim
438 496 596 558 circumitu,
627 494 765 547 uifnllere
785 497 925 562 thuscam,

120 565 152 614 in
163 577 297 614 summum
306 564 402 632 iugum
412 563 543 630 placebat
556 511 686 614 evadere.
722 562 746 614 6.
766 513 850 614 detra
860 581 925 629 non,

120 637 154 682 ut
166 630 325 700 pleraeque,
348 631 467 683 modicis
481 645 514 682 ac
527 625 659 680 mollibus
675 629 755 680 clivis
768 631 797 679 in
809 631 924 684 sublime

121 698 265 766 fastigium
276 699 394 762 crescit3
414 697 465 748 sed
474 697 503 748 in
512 702 603 748 metae
614 697 733 750 maxime
744 697 856 748 modum
867 713 924 750 ere·

121 772 168 816 cta
179 771 235 828 est,
246 766 325 816 cuius
335 767 392 816 ima
401 764 573 830 spatiosiora
582 771 658 825 sunt,
671 765 774 815 altiora
782 766 813 814 in
822 766 925 816 arctius

121 835 231 896 coeunt,
252 848 359 884 summa
376 833 405 882 in
425 836 536 882 acutum
555 845 687 882 cacumen
704 837 866 898 exsurgunt.
900 834 925 883 7.

119 900 240 952 Radices
256 901 316 950 eius
326 899 410 952 indus
426 899 514 949 amnis
528 899 615 959 subit,
636 898 777 966 praealtus
788 899 925 966 utrimque

119 969 228 1033 asperis
241 966 324 1033 ripisz
345 965 379 1016 ab
394 966 484 1017 altera
497 970 577 1030 parte
594 966 743 1033 voragines
764 965 925 1033 eluviesque

119 1039 287 1102 praeruptae
299 1039 370 1084 sunt.
407 1033 467 1084 Nec
477 1033 533 1083 alia
553 1033 731 1100 expugnandi
743 1031 858 1099 patebat
871 1035 925 1094 via,

120 1115 203 1167 quem
214 1106 245 1152 ut
254 1099 438 1165 replerentur.
475 1100 499 1150 8.
511 1099 551 1150 nd
562 1115 672 1151 manum
682 1100 753 1152 silva
763 1105 833 1163 erat,
845 1117 924 1168 quam

119 1183 171 1220 rex
180 1167 220 1218 ita
230 1168 311 1218 caedi
319 1167 412 1231 iussit,
424 1175 456 1235 qt
466 1168 533 1219 nudi
543 1167 653 1233 stipites
662 1168 834 1218 iacerentur:
850 1169 926 1236 quip-

118 1250 154 1302 pe
174 1234 244 1286 rami
264 1233 365 1286 fronde
383 1235 479 1287 vestiti
498 1236 682 1303 impedissent
693 1233 828 1287 ferentes.
863 1235 926 1302 lpse

118 1304 223 1370 primus
234 1307 359 1354 truncam
370 1302 498 1356 arborem
508 1303 590 1366 iecit3
604 1303 763 1369 clamorque
775 1303 925 1364 exercitus,

117 1370 203 1422 index
213 1369 376 1434 alacritatis,
396 1376 509 1422 secutus
521 1377 573 1434 est,
594 1371 670 1423 nulls
682 1371 856 1422 detrectante
866 1387 924 1422 rnn-

120 1453 181 1501 nus,
202 1439 276 1505 quod
294 1452 344 1488 rex
354 1444 528 1504 occupasset.
563 1437 588 1488 9.
607 1437 684 1490 intra
694 1440 840 1504 septimum
851 1439 923 1489 diem

118 1519 251 1556 cavernas
262 1503 454 1570 expleverant3
465 1520 548 1570 quum
556 1519 608 1554 rex
618 1506 779 1570 sagittarios
791 1512 820 1556 et
829 1507 925 1572 Agria-

118 1587 171 1624 nos
185 1571 264 1621 iubet
277 1585 328 1686 ἶθι·
341 1571 428 1620 ardua
440 1569 500 1621 niti.
535 1571 708 1636 iuvenesque
718 1571 924 1634 promtissimos

119 1655 156 1692 ex
174 1652 225 1688 sna
245 1652 278 1687 co
301 1643 362 1686 orte
382 1637 464 1686 XXX
483 1637 606 1704 delegit„
635 1638 674 1686 re.
693 1635 788 1697 Duces
805 1635 849 1687 bis
866 1639 923 1688 dati

119 1710 185 1758 sunt
196 1703 303 1755 Charus
314 1709 342 1754 et
352 1703 524 1766 Alexander;
546 1717 627 1770 quein
638 1717 689 1768 rex
698 1705 828 1765 nominis,
850 1705 925 1771 quod

119 1772 175 1826 sibi
196 1786 258 1824 curn
274 1785 309 1822 eo
325 1785 469 1827 commune
485 1776 569 1831 esset,
590 1769 741 1820 admonuit.
776 1771 923 1836 deprime,

119 1841 186 1960 quia
198 1844 255 1890 tam
269 1837 448 1893 manifestum
461 1836 615 1904 periculum
632 1842 700 1898 erat,
719 1835 810 1902 ipsum
829 1851 924 1904 regem

139 1909 269 1960 isen'men
279 1905 373 1958 subire
383 1921 439 1958 non
449 1905 566 1971 placuit:
586 1905 627 1957 11.
638 1903 688 1954 sed
698 1903 925 1970 utsignumtuba
1002 1939 1013 1952 ,

120 1977 215 2027 danim
233 1981 292 2036 est,
311 1975 355 2025 vir
368 1973 502 2027 audaciae
516 1978 643 2038 promtae
656 1985 807 2022 conversus
818 1971 853 2020 ad
865 1985 924 2021 cor-

118 2043 196 2112 poris
208 2041 340 2092 custodes
350 2040 430 2108 sequi
441 2056 476 2123 se·
484 2039 577 2103 iubet,
597 2041 757 2106 primusque
771 2039 879 2118 invadit
895 2040 924 2088 in

117 2106 922 2243 tite,ditilitt?{emitterentit

118 2252 172 2296 tur.
209 2242 421 2296 tantularum
436 2242 605 2295 miserabilis
619 2241 674 2293 fuit
690 2256 781 2302 casus,
822 2255 874 2291 uns
888 2254 923 2293 ex

102 2317 269 2378 'praerupta
286 2325 355 2378 rupe
376 2311 471 2377 lapsos
490 2310 578 2360 amnis
595 2306 796 2374 praeterfluens
835 2308 920 2370 ausit;
955 2336 960 2346 ν

3 2841 14 3026 l

118 2381 200 2430 triste
209 2379 399 2446 spectaculum
414 2378 498 2429 etiarn
513 2390 569 2427 non
583 2375 816 2442 periclitantibus:
838 2391 922 2442 quum

119 2460 187 2497 vern
197 2445 291 2499 abeno
302 2445 399 2508 exitio,
410 2445 476 2512 quid
486 2444 556 2510 ipsis
566 2443 718 2496 timendum
728 2441 815 2508 ieret,
828 2443 921 2495 admo-

119 2519 265 2582 nerentur,
284 2515 313 2566 in
324 2521 428 2566 metum
439 2511 634 2565 misericordia
642 2525 733 2572 versa,
752 2527 808 2578 non
819 2509 922 2561 exstin-

120 2586 193 2644 ctos,
210 2582 261 2634 sed
277 2584 445 2648 semetipsos
462 2578 610 2632 deflebant.
645 2579 687 2630 13.
706 2579 852 2630 Etiamne
862 2589 923 2694 qen·

120 2654 230 2706 ventum
241 2657 311 2714 erat,
321 2650 395 2702 unde
405 2650 466 2702 sine
476 2647 609 2717 pernicie,
619 2647 675 2699 nisi
684 2647 817 2708 victores,
829 2657 860 2693 re
881 2643 921 2696 ire

119 2724 309 2835 congesserit,
320 2719 446 2786 ingentia
456 2732 524 2770 saxa
533 2717 562 2769 in
573 2713 724 2834 subeuntqs
734 2711 922 2780 provolventi-

198 2799 336 2838 unrros.
