2048 3034
342 172 766 259 clarummane
901 209 950 260 rso

151 325 207 362 non
215 310 298 360 solam
308 307 418 376 donam,
427 309 476 359 reo
484 307 564 360 etiam
575 322 639 374 opas
649 308 733 359 videa.-
743 308 833 361 nostri
846 310 951 389 decepe-

151 394 182 429 re
192 393 232 436 me
241 390 335 426 morea.
372 377 412 424 21..
426 373 505 437 Coae,
518 375 636 436 obsecro,
646 375 675 426 in
685 375 871 428 contumeliam
882 393 952 428 aect-
1020 407 1021 410 =

152 443 212 511 piot
221 442 418 511 ignorationem
427 458 521 493 meam.
560 439 636 505 Quae
649 441 690 492 tni
698 443 779 494 moris
789 459 843 495 esre
853 461 883 496 co
926 461 953 495 o-

123 553 129 562 .
152 511 187 572 oi,
199 519 326 578 atepmo,
339 509 442 562 obtende
452 517 559 562 eerooto
570 517 641 561 eant.
677 511 719 559 22.
738 509 813 572 Seio,
825 527 878 578 opu
905 527 952 562 ooo

144 577 237 650 ,filiam
257 577 285 628 in
304 587 445 644 conspecto
461 577 556 628 matris
572 576 652 648 nesae
665 591 720 626 cese
735 577 880 641 considere,
899 577 952 631 nito

153 661 233 712 qnam
242 643 426 712 illo'permisit.
464 642 679 712 Quotiescunque
689 641 726 694 od
734 651 759 694 te
770 643 843 706 oeni,
859 644 950 707 donec,

152 721 184 764 nt
193 712 363 774 considerem,
374 727 514 773 annueres,
525 711 620 764 restiti.
639 709 820 762 Procumbens
829 711 953 764 venerari

150 795 191 832 me
200 794 277 847 saepe
292 778 414 830 noluisti:
433 776 545 829 inhibui.
582 777 759 831 Dulcissimae
768 776 852 830 motti
862 774 950 848 Olym·

145 847 225 914 piodi
233 862 328 898 nomen
340 845 464 908 debitam,
476 844 527 896 tibi
536 845 626 897 reddo.

86 971 88 976 ,
202 915 248 964 lll.
259 914 393 980 Mitigato
407 913 468 964 eius
479 914 581 975 animo,
601 929 651 966 rex
662 912 768 982 quartis
780 912 880 965 castris
890 928 952 980 per-

152 984 230 1031 venit
248 981 283 1031 ad
293 981 393 1046 Tigrin
406 979 532 1032 flurium:
552 979 706 1048 Pasitigrim
716 980 828 1032 incolae
838 987 951 1032 vocant.

151 1048 249 1100 Oritur
269 1048 299 1098 in
311 1047 452 1098 montibus
465 1047 609 1111 Uxiorum,
631 1055 660 1099 et
674 1063 724 1114 per
734 1047 759 1097 L
769 1047 861 1100 stadia
870 1047 953 1100 silve·
994 1094 997 1100 ,

151 1115 256 1165 stribus
266 1115 334 1180 ripis
346 1129 478 1182 praeceps
489 1117 564 1166 inter
573 1131 641 1167 saxa
655 1115 821 1168 devolvitur.
858 1117 883 1165 2.
902 1116 953 1167 Ac·

151 1182 258 1246 cipiunt
277 1181 377 1234 deinde
397 1197 459 1233 eum
472 1184 570 1252 campi,
590 1199 661 1251 quos
675 1183 857 1234 clementiore
870 1182 952 1234 alveo

148 1249 296 1368 praeterit,
307 1244 362 1298 i'am
373 1251 482 1300 navium
492 1253 610 1318 patiens.
644 1250 694 1302 DC
705 1252 797 1302 stadia
808 1257 873 1302 sunt
882 1251 962 1302 mol·-

160 1317 229 1368 iuris
242 1317 304 1378 soli,
312 1326 362 1383 per
372 1319 446 1384 quod
457 1317 514 1370 leni
523 1326 614 1375 tractu
626 1333 759 1387 aquarum
769 1317 885 1372 Persico
896 1333 953 1370 ma·

148 1387 174 1436 ri
184 1399 214 1434 sc
226 1385 356 1436 insinuat.
388 1386 411 1436 3.
423 1386 589 1450 Alexander,
600 1401 680 1438 amne
691 1393 831 1455 superato,
844 1402 905 1438 cum
911 1385 954 1437 IX

149 1452 274 1502 millibus
285 1452 418 1518 pediturn,
432 1461 460 1503 et
469 1455 598 1520 Agrianis
609 1461 691 1520 atque
699 1454 871 1506 Graecorum
881 1467 952 1506 mer-

149 1521 269 1570 cenariis
289 1520 412 1570 millibus
431 1520 477 1581 lll‚
495 1521 597 1572 additis
617 1522 740 1572 millibus
755 1519 904 1584 Thracum,
922 1521 952 1571 in

149 1588 295 1654 regionem
306 1587 441 1637 Uxiorum
451 1589 587 1654 pervenit.
622 1588 755 1638 Finitima
768 1587 846 1640 Susis
859 1595 911 1650 est,
923 1595 952 1638 et

148 1656 177 1704 in
187 1655 303 1722 primam
317 1652 461 1718 Persidem
472 1657 603 1720 excurrit,
621 1659 727 1706 arctum
736 1656 809 1705 inter
820 1671 851 1706 se
862 1661 892 1709 et
901 1651 952 1706 Su-

149 1723 245 1773 sianos
257 1721 361 1771 aditum
372 1722 541 1786 relinquens.
570 1723 594 1770 A.
606 1722 735 1772 Madatcs
747 1728 807 1772 erat
818 1721 900 1772 huius
909 1735 952 1772 re-

149 1788 243 1856 gionis
255 1787 429 1854 praelectus,
444 1786 517 1840 haud
528 1803 595 1838 sanc
606 1787 863 1854 temporumhomo:
876 1789 952 1854 quip-

149 1871 184 1922 pe
195 1855 293 1906 ultima
302 1870 353 1922 pro
365 1856 420 1905 fide
432 1856 552 1920 experiri
565 1855 736 1906 decreverat.
772 1854 797 1904 A.
810 1854 866 1906 Sed
878 1857 951 1920 peri-

147 1925 171 1974 ti
190 1924 318 1974 locorum
332 1922 522 1974 Alexandrum
538 1923 649 1986 docent,
670 1921 809 1974 occultum
824 1923 951 1978 iterasse

147 2005 200 2058 per
211 1991 306 2054 calles,
318 1998 347 2042 ot
357 2005 483 2042 aversum
494 1991 528 2042 ab
539 1991 618 2042 urbe:
630 1991 655 2042 si
665 2005 769 2059 paucos
780 1990 905 2041 misisset
913 1991 953 2041 le·

146 2058 222 2108 viter
240 2065 372 2122 armatos,
392 2073 475 2124 super
490 2061 585 2126 capita
604 2057 726 2110 hostiurn
747 2073 890 2110 evasuros.
927 2057 951 2108 6.

147 2126 239 2187 Quum
251 2126 397 2177 consiliam
408 2127 574 2192 placuisset,
593 2127 678 2178 iidem
694 2125 825 2177 itinerum
840 2124 953 2176 fuerunt

147 2194 244 2244 duces.
280 2193 311 2244 M
322 2200 350 2244 et
360 2194 384 2243 D
395 2195 523 2245 mercede
535 2195 679 2256 conducti,
691 2202 719 2244 et
729 2192 844 2261 Agriani
852 2191 912 2243 iere
922 2193 952 2244 M

147 2262 274 2312 Tauroni
287 2260 431 2326 praefecto
447 2263 517 2324 dati,
539 2277 571 2311 ac
585 2268 650 2327 post
667 2263 737 2312 solis
753 2275 882 2311 occasum
897 2262 953 2312 iter

146 2329 259 2394 ingredi
280 2327 359 2379 iussi.
394 2330 419 2378 Ἰ.
438 2329 501 2394 lpse
521 2329 606 2380 tertia
626 2328 724 2394 vigilia
744 2329 950 2392 castrismotis,
1020 2349 1021 2360 ¹

148 2397 224 2446 circa
238 2396 309 2446 lucis
329 2399 420 2446 ortum
440 2403 619 2462 superaverat
637 2397 792 2462 angustias,
814 2411 950 2466 caesaque

148 2464 267 2513 materia
278 2463 400 2514 cratibus
413 2469 441 2514 et
451 2464 554 2530 pluteis
567 2463 714 2526 iaciendis,
734 2472 773 2527 ut,
795 2466 841 2533 qui
858 2471 951 2516 turres
1020 2519 1021 2522 Ἴ

151 2529 342 2592 admoverent,
355 2535 435 2582 extra
445 2532 493 2581 teli
504 2531 607 2582 iactum
618 2537 722 2595 essent,
734 2533 830 2584 urbem
841 2531 952 2584 obside·

148 2613 180 2649 re
191 2599 293 2664 coepit.
329 2598 353 2648 8.
373 2599 528 2665 Praerupta
539 2606 618 2649 erant
629 2601 734 2663 omnia,
754 2601 830 2651 saxis
844 2597 952 2649 eicoti-

147 2667 200 2716 bus
220 2665 361 2732 impedita.
398 2667 496 2717 Multis
516 2681 585 2733 ergo
604 2667 763 2719 vulneribus
784 2663 902 2733 depulsi,
921 2669 952 2715 ui
1020 2707 1021 2710 ,

144 2734 248 2801 quibus
270 2748 323 2782 nou
338 2749 398 2784 cum
416 2733 496 2785 hoste
513 2735 614 2798 sulum,
635 2736 683 2786 sed
705 2737 789 2786 etiarn
811 2749 873 2784 cum
886 2731 953 2791 loce
