2054 3030
354 175 499 226 LIBER
526 177 572 228 lV.
602 179 700 230 cAP.
729 181 755 233 4.
908 183 957 232 149

148 279 184 330 ad
195 278 292 346 epulas
303 278 411 344 dilapsi,
427 293 579 330 oneravere
591 295 621 330 se
631 282 708 332 rino:
724 299 779 350 quo
790 299 901 351 graves,
914 300 958 335 or-

146 355 178 398 to
191 347 252 398 sole
265 347 375 412 navigia
386 346 590 409 conscendunt,
613 348 742 400 redimita
755 354 867 404 coronis
883 351 958 402 llori-

147 414 268 480 busquez
292 414 362 464 adeo
381 413 517 465 victoriae
532 429 588 466 non
603 431 683 465 onren
697 418 790 481 modo,
807 420 959 470 sedetiam

148 481 365 549 gratulationem
379 489 589 548 praeceperant.
626 481 650 534 6.
668 483 755 534 Forte
769 500 818 537 rex
837 488 958 538 classem
984 481 986 489 ’

146 551 178 600 in
190 549 325 609 diversam
336 556 442 615 partem
458 550 507 616 agi
518 549 652 612 iusserat,
673 552 789 616 triginta
802 555 958 606 minoribus

147 617 268 684 navigiis
277 617 384 668 relictis
402 621 431 668 in
445 616 541 667 litore:
557 617 685 685 equibus
697 619 778 684 Tyrii
792 620 899 673 duobus
914 639 957 674 ca-

147 688 214 752 ptis,
229 691 325 736 cetera
335 686 443 751 ingenti
452 690 613 736 terruerant
621 691 710 748 metu3
730 686 830 750 donec,
845 705 958 740 suorum

116 812 118 817 ,
148 753 271 804 clamore
283 754 392 813 audito,
408 750 567 802 Alexander
577 752 695 802 classem
705 754 796 815 litori,
814 769 893 820 aquo
905 755 959 806 ire·

87 863 89 868 .
133 817 232 872 ¹mitus
248 820 399 880 acciderat,
417 818 549 868 admovit.
584 820 610 868 i.
631 819 724 870 Prima
744 836 761 871 a
774 821 960 874 Macedonum

145 889 265 944 naribus
280 886 498 955 quinqueremis,
517 885 668 938 velocitate
683 889 757 940 inter
771 894 880 941 ceteras
894 893 960 941 emi-

144 971 226 1018 nens,
250 955 385 1007 occurrit:
406 969 488 1020 quam
503 959 535 1004 ut
554 969 726 1021 conspexere
745 957 836 1023 Tyrii,
857 957 959 1009 duaco

145 1024 262 1074 diverso
273 1024 302 1072 in
312 1021 402 1072 latera
413 1022 472 1072 eius
482 1022 610 1074 invectae
621 1031 700 1088 sunt;
719 1025 748 1075 in
764 1041 880 1092 quarum
892 1025 961 1076 alte-

145 1106 209 1142 ram
229 1091 437 1158 quinqueremis
456 1087 553 1140 eadem
573 1093 722 1154 concitata,
742 1100 771 1143 et
789 1095 852 1160 ipsa
865 1087 960 1144 rostro

145 1160 207 1210 icta
218 1166 271 1220 est,
282 1164 311 1208 et
320 1156 397 1207 illam
408 1157 525 1208 invicem
535 1160 634 1212 tenuit.
669 1160 694 1210 8.
708 1161 821 1229 lamque
835 1177 876 1222 ea,
890 1176 960 1228 quae

145 1241 204 1278 non
216 1223 394 1288 cohaerebat,
411 1225 501 1277 libero
511 1227 617 1293 impetu
628 1235 734 1290 evecta,
754 1232 784 1280 in
795 1229 871 1280 aliud
882 1230 960 1297 quin-

146 1294 288 1363 queremis
315 1294 388 1344 latus
412 1293 607 1358 invehebatur;
640 1312 723 1363 quum
750 1299 961 1363 opportunitate

145 1364 220 1414 mira
229 1362 351 1414 triremis
367 1375 381 1414 e
394 1362 485 1413 classe
495 1362 647 1415 Alexandri
658 1366 686 1414 in
699 1379 759 1414 eam
770 1366 872 1432 ipsam,
889 1381 960 1432 quae

147 1432 342 1500 quinqueremi
353 1431 524 1492 imminebat,
540 1436 619 1482 tenta
629 1432 655 1481 vi
666 1433 786 1498 impulsa
796 1441 848 1495 est,
864 1439 895 1483 ut
905 1435 960 1498 Ty·
1015 1439 1016 1442 ’

144 1501 205 1551 rius
218 1499 390 1566 gubernatur
399 1499 427 1548 in
437 1511 514 1548 mare
526 1505 705 1550 excuteretur
717 1515 732 1550 e
742 1502 835 1567 puppi.
860 1500 885 1551 9.
896 1500 961 1551 Plu·

144 1583 193 1618 res
215 1566 317 1618 deindo
330 1565 517 1617 Macedonum
532 1581 618 1618 nares
639 1569 847 1634 superveniunt,
868 1574 897 1618 et
910 1583 962 1619 rer

146 1649 260 1702 quoque
272 1633 380 1696 aderat3
399 1649 481 1699 quum
493 1633 573 1698 Tyrii
583 1633 744 1686 inhibentes
754 1635 853 1696 remis,
875 1649 960 1701 aegre

146 1704 271 1755 evellere
282 1715 390 1760 navem,
403 1715 474 1766 quae
485 1698 628 1762 haerebat,
642 1708 809 1769 portumque
820 1702 915 1752 omnia
924 1698 961 1750 si-

145 1773 204 1822 mul
213 1769 327 1836 navigia
336 1773 475 1836 repetunt.
510 1766 665 1819 Confestim
675 1783 726 1819 rex
735 1768 887 1828 insecutus,
898 1782 961 1833 por-

145 1848 204 1891 tum
216 1837 329 1906 quidem
340 1837 446 1886 intrare
457 1851 513 1886 non
524 1835 627 1902 potuit,
645 1851 728 1902 quum
739 1835 839 1900 procul
848 1849 865 1884 e
874 1836 961 1886 muris

145 1906 302 1958 missilibus
321 1903 547 1968 submoveretur3
568 1917 654 1954 naves
670 1910 762 1954 autem
784 1917 880 1954 omnes
899 1901 960 1953 lere

146 1980 198 2027 aut
210 1975 353 2034 demersit,
375 1979 423 2022 aut
437 1972 520 2038 oepit.
558 1973 597 2022 lo.
617 1971 709 2022 Biduo
728 1971 829 2023 deinde
840 1970 875 2021 ad
886 1970 961 2036 quie-

145 2053 204 2095 tem
217 2043 283 2093 dato
294 2039 443 2102 militibus,
459 2039 599 2106 iussisque
611 2047 639 2090 et
649 2041 767 2092 classem
780 2045 808 2091 et
819 2037 961 2088 machinas

143 2112 253 2180 pariter
264 2109 424 2170 admovere,
441 2114 469 2159 et
478 2106 600 2174 undique
610 2109 718 2159 territis
728 2112 844 2168 instare,
863 2106 962 2172 ipsein

145 2179 313 2230 altissimam
325 2177 424 2226 turrim
436 2176 576 2236 aseendit,
593 2177 701 2243 ingenti
714 2177 819 2235 animo,
836 2174 960 2239 periculo

144 2248 266 2300 maiore.
304 2246 344 2295 ll.
366 2243 475 2310 Quippe
485 2243 565 2309 regio
580 2244 684 2311 insigni
696 2250 725 2294 et
736 2243 819 2292 armis
829 2240 961 2311 fulgenti-

144 2316 200 2365 bus
211 2314 393 2380 conspicuus,
407 2327 478 2362 unus
495 2311 645 2376 praecipue
659 2311 724 2363 telis
734 2309 890 2377 petebatur.
925 2311 962 2360 Et

147 2382 234 2448 digna
243 2395 359 2449 prorsus
371 2378 533 2446 spectaculo
545 2378 647 2429 edidit:
661 2378 764 2429 multos
776 2379 887 2429 emuris
898 2393 961 2443 pro-

145 2446 396 2518 pugnanteshasta
409 2445 560 2507 transfixit,
583 2447 718 2512 quosdam
735 2447 817 2497 etiam
835 2447 960 2497 cominus
1015 2481 1016 2484 ,

147 2517 245 2585 gladio
254 2517 412 2583 clypeoque
422 2513 558 2580 impulsos
569 2515 776 2580 praecipitavit:
792 2514 892 2581 quippe
902 2518 960 2560 tur·

145 2586 197 2646 ris,
212 2599 248 2636 ex
282 2599 317 2634 ua
331 2583 495 2642 dimicabat,
515 2581 602 2631 muris
616 2579 738 2632 hostium
758 2577 962 2648 propemodum

146 2651 270 2704 cohaere
292 2657 329 2702 ut.
366 2653 407 2700 ia.
426 2651 539 2716 lamque
554 2649 660 2700 crebris
677 2649 813 2700 arietibus
830 2659 961 2696 saxorum

146 2733 286 2797 compage
296 2719 400 2779 laxata,
411 2719 582 2767 munimenta
593 2715 764 2779 deiecerant,
771 2720 801 2767 et
811 2713 910 2765 classis
921 2711 960 2760 in·

960 2875 1016 2984 Α
