2048 3034
148 188 197 238 1nr
313 245 319 254 ,
364 185 536 246 aurunt
569 183 737 237 caeru

147 289 204 352 dea,
227 286 311 354 qualia
323 285 408 338 Darii
418 287 488 356 ficit,
511 302 590 354 quum
603 257 805 336 ¹dimitteremur
815 281 848 332 ab
862 299 910 334 eo:
931 293 958 337 et

145 357 190 408 itte
200 364 289 407 tamen
298 369 419 417 uxorem,
440 353 580 405 tutantem
591 355 674 422 luget.
710 349 770 403 Iam
780 349 809 400 in
820 350 878 402 acie
900 359 955 403 eta-

148 439 199 486 m,
220 421 273 474 niti
292 437 358 474 cura
373 431 398 474 te
417 424 570 489 sepulturae
581 421 635 474 eius
645 425 807 471 moraretur.
845 417 959 486 Ecquid

147 491 244 543 miram
264 498 311 552 ert,
331 490 355 540 ri
373 499 428 541 tam
439 489 471 540 ab
483 489 568 541 amico
584 487 672 555 animo
680 498 776 554 pacem
781 484 869 553 petiti
891 488 958 553 qaia

148 574 213 627 opur
223 566 263 610 ert
271 557 361 619 armis,
373 557 444 608 inter
456 572 519 624 quor
530 556 592 608 odia
602 556 706 607 sublata
716 555 795 605 eunt?
822 553 847 603 5.
865 553 956 606 Antea

146 625 259 694 imperio
271 625 407 694 taofinem
419 623 570 676 destinabat
578 621 669 690 Halyn
679 637 792 682 amnem,
815 619 863 688 qni
872 620 955 690 tyti-

148 709 192 744 am
203 693 337 745 terminat.
373 692 397 742 fi.
417 691 503 754 Nune,
527 691 592 758 qaid
610 691 657 741 uid
672 689 744 740 inter
752 686 955 754 Hellespontum

148 769 174 812 et
184 761 230 812 Eu
249 761 346 812 traten
357 769 402 821 eet,
422 761 451 810 in
462 761 549 810 dotem
553 758 632 828 fileae
643 755 734 825 offert,
747 771 827 824 quam
837 755 889 806 n'tt
899 765 954 807 tra-

148 828 204 880 dit:
226 777 436 895 fictamfitium,
449 843 524 894 quem
534 826 623 888 irater,
639 824 716 892 pacis
728 821 830 891 etfidei
838 823 954 875 obsidem
1017 809 1020 902 3(

45 887 55 906 ‘
148 895 247 948 retine:
265 903 378 946 matrem
389 895 490 945 etdaar
503 894 621 962 virginee
635 891 819 961 flliarreddQ
835 906 887 958 pro
908 891 954 943 tri

149 963 196 1014 bae
207 961 363 1028 corporibus
375 961 490 1040 triginta
499 961 583 1012 millia
597 962 726 1011 talentum
746 957 808 1009 auri
824 967 956 1026 precatur

149 1029 279 1098 accipian*
310 1030 335 1078 ἵ.
356 1027 415 1079 Nin
425 1027 634 1086 moderationem
645 1025 730 1078 animi
742 1025 783 1076 tui
793 1035 889 1077 notam
908 1027 955 1078 ha-

122 1122 130 1159 s
150 1098 246 1158 ierem,
266 1112 320 1146 non
331 1095 443 1146 dicerem
454 1095 569 1146 taceare
588 1105 698 1163 tempus,
719 1110 770 1162 aaa
785 1109 884 1162 pacem
903 1109 956 1145 non

150 1165 215 1215 dare
234 1163 318 1213 tolum
329 1199 336 1224 ,
357 1162 405 1212 teri
421 1161 502 1213 etiam
522 1177 653 1230 occupare
673 1161 788 1214 deberet.
834 1161 955 1230 Respice,

168 1238 281 1282 uantmn
295 1238 361 1296 port
371 1239 395 1280 te
415 1229 567 1297 reliquatio:
585 1230 700 1292 intuere,
721 1237 852 1296 quautam
867 1237 955 1296 petar.

148 1249 174 1350 g.
194 1295 377 1348 Periculosum
397 1304 435 1347 eet
449 1297 771 1364 praegraoeimperium:
792 1295 910 1366 difficile
921 1304 958 1349 ert

150 1363 297 1427 continere,
318 1365 655 1431 quodcaperenonposaie.
696 1363 816 1425 Videsne,
839 1363 959 1416 utnaoi·

147 1433 206 1502 gia,
220 1447 287 1499 quae
297 1433 402 1483 modum
412 1431 549 1494 excedunt,
560 1432 621 1511 regi
630 1433 782 1499 nequeant?
805 1431 831 1482 9.
850 1429 960 1494 Nescio,
1019 1445 1020 1488 r

150 1498 367 1551 anDariaeideo
380 1507 436 1550 tam
445 1501 529 1552 multa
544 1501 672 1561 amiserit,
695 1498 758 1566 qaia
776 1497 879 1550 nimiae
900 1517 915 1552 o
935 1514 959 1550 er

149 1583 265 1637 magnae
274 1567 397 1619 iacturae
406 1569 493 1618 locum
517 1567 616 1618 amaret.
637 1566 757 1618 Facilius
767 1575 813 1628 est,
827 1583 899 1634 quae
918 1583 960 1618 am

149 1636 264 1699 vincere,
283 1652 362 1704 quam
373 1635 450 1688 tueri.
513 1651 575 1686 uam
589 1634 694 1686 hercule
705 1633 853 1700 expeditius
865 1651 960 1686 manae
1019 1651 1020 1664 ¹

149 1712 260 1758 nostrae
277 1720 309 1755 ra
328 1703 396 1766 iant,
419 1720 498 1772 qaam
517 1702 670 1754 continent!
697 1699 764 1768 Iprd
778 1717 851 1752 enare
865 1702 960 1754 uaeris
1019 1703 1020 1770 J

149 1771 236 1826 Darii
244 1779 296 1824 tea
315 1780 525 1841 monerepotert,
537 1767 962 1821 minuciammirericordiaetuae
1019 1805 1020 1820 ³

149 1841 238 1902 licere,
250 1856 330 1908 qnam
339 1839 422 1890 licuit.
447 1842 500 1888 .Ιθ.
519 1839 684 1900 Alexander,
705 1836 808 1904 legatis
820 1839 962 1890 excedere

149 1907 332 1960 tabernaculo
341 1905 508 1972 iussis,quid
516 1907 650 1972 placeret,
659 1903 849 1955 adeonsilium
860 1904 960 1956 refert.
1019 1899 1020 1974 ξ

150 1975 208 2026 Diu
218 1988 309 2034 nemo,
321 1975 387 2038 quid
398 1973 525 2034 sentiret,
537 1967 620 2022 auius
629 1979 673 2023 est
681 1971 783 2033 dicere,
795 1972 908 2024 incerta
918 1988 961 2023 re·
1019 1993 1020 2070 p

152 2044 197 2110 gis
216 2039 369 2091 voluntate.
406 2041 446 2088 11.
466 2040 590 2089 Tandem
610 2039 768 2100 Parmenio,
790 2047 881 2101 „ante
897 2057 961 2091 sun·
1019 2071 1020 2116 ,

152 2109 256 2170 sisse,“
272 2107 320 2166 ait,
339 2111 389 2168 „ut
399 2105 525 2171 captivos
537 2107 609 2172 apud
619 2108 787 2158 Damascum
797 2105 962 2159 redimenti·
1019 2137 1020 2162 n

150 2177 203 2228 bus
214 2172 357 2234 redderet3
376 2172 519 2240 ingentem
528 2176 674 2241 pecuniam
683 2175 810 2240 potuisse
820 2175 915 2242 redigi
927 2189 963 2226 ex
1019 2175 1020 2196 ¹

151 2245 198 2305 iis,
211 2243 258 2308 qui
267 2239 348 2290 multi
358 2240 445 2290 vincti
458 2241 582 2292 uirorum
596 2241 711 2292 fortium
722 2250 896 2308 occuparent
904 2258 964 2294 ma-

151 2325 212 2360 nus.
243 2309 284 2356 12.
297 2307 334 2356 Et
343 2323 415 2358 nune
424 2324 594 2378 magnopere
606 2323 730 2371 censere,
742 2316 774 2361 ut
782 2325 866 2360 unam
878 2325 963 2360 anum

153 2382 182 2426 et
193 2375 260 2424 duas
271 2373 388 2440 puellas,
402 2377 532 2428 itinerum
543 2378 738 2446 agminumque
749 2375 963 2442 impedimenta,
1019 2393 1020 2436 r

150 2442 267 2509 triginta
286 2440 407 2493 millibus
428 2445 541 2495 talentis
562 2447 623 2495 auri
641 2449 790 2510 permutet.
834 2445 875 2495 13.
897 2443 965 2512 Opi·

150 2523 351 2576 mumregnum
362 2513 586 2578 occupariposse
598 2513 773 2572 conditione,
794 2527 851 2562 non
868 2511 963 2576 bello;
1019 2567 1020 2570 ,

151 2592 203 2630 nec
215 2591 380 2644 quemquam
391 2577 477 2628 alium
486 2581 560 2630 inter
570 2581 670 2630 Istrum
683 2586 712 2629 et
722 2577 884 2645 Euphraten
895 2594 972 2645 pos·-
1019 2571 1020 2606 ¹

151 2644 260 2697 sedisse
270 2649 359 2694 terras
369 2645 477 2712 ingenti
487 2648 577 2712 spatio
588 2647 794 2711 intervalloque
810 2647 963 2698 discretas.

151 2711 346 2764 Macedoniam
356 2727 466 2780 quoque
477 2715 632 2779 respiceret
642 2715 746 2780 potius,
763 2729 845 2781 quam
856 2713 966 2766 Bactra
1019 2777 1020 2812 1
