2048 3034
435 223 581 274 LIBER
606 224 651 275 Vl.
726 243 728 250 ¹
893 224 944 276 229

144 327 246 377 tiorem
264 324 398 377 facturos.
434 331 523 392 Atque
538 324 582 376 illi
595 337 691 390 regem
702 327 774 392 apud
783 325 887 383 Bactra
897 327 944 378 de·

144 409 217 444 mum
230 397 373 446 consecuti
384 399 463 456 sunt3
475 409 536 444 cum
546 392 657 443 interim
666 393 802 460 Antipatri
815 395 943 456 victoria,

145 467 172 510 et
186 473 253 510 nece
264 461 370 528 Agidis,
389 461 418 510 in
433 461 552 511 Arcadia
566 467 736 510 transactum
752 468 834 512 esset.
871 461 943 514 Sane

143 529 198 579 iam
227 529 333 594 pridem
360 528 479 579 tumultu
505 527 793 578 Lacedaemoniorum
821 529 944 596 cognito,

144 601 327 662 quantumtot
340 603 477 646 terrarum
494 596 593 662 spatiis
607 595 745 644 discretus
760 596 863 660 potuit,
881 611 944 661 pro-

142 663 262 714 viderat:
283 661 483 730 Amphoterum
494 679 555 712 cum
567 661 678 728 Cypriis
690 666 718 711 et
727 659 888 712 Phoeniciis
898 677 944 713 na·
1018 705 1019 714 ,

141 731 221 781 vibus
230 731 259 780 in
271 729 496 797 Peloponnesum
507 732 652 796 navigare,
673 729 804 780 Meneten
817 729 872 780 tria
884 730 943 782 mil-

141 799 180 850 lia
190 798 325 848 talentum
337 798 371 848 ad
382 811 458 847 mare
469 795 579 848 deleme
590 795 719 858 iusserat,
739 801 771 847 ut
786 809 822 846 ex
834 797 943 862 propin-

141 881 196 932 quo
208 865 501 932 pecuniamAntipatro
513 863 744 925 subministraret,
756 863 945 930 quantanillum
991 919 993 925 ,

141 934 269 999 indigere
300 933 488 998 cognovisset.
525 931 617 982 Probe
647 932 719 982 enim
754 937 944 998 perspexerat,
1018 953 1019 960 ι

142 999 239 1066 quanti
250 998 286 1050 ad
296 999 389 1050 omnia
399 1001 530 1050 momenti
541 1006 633 1051 motus
649 999 730 1050 istius
744 999 889 1050 inclinatio
903 997 945 1049 fu-

140 1077 206 1121 tura
218 1071 302 1128 esset,
308 1081 469 1132 quamquam
480 1068 610 1133 deinceps
622 1067 723 1134 adepto
734 1067 870 1122 victoriae
878 1083 945 1116 nun·

141 1135 184 1183 tio
201 1135 259 1184 suis
276 1134 406 1200 operibus
421 1135 450 1186 id
464 1135 613 1186 discrimen
630 1149 805 1202 comparans,
816 1180 819 1189 s
829 1137 947 1185 niarium

142 1216 205 1251 eam
223 1216 342 1268 pugnam
357 1200 445 1254 luisse
458 1204 603 1254 cavillatus
616 1209 668 1254 est.
705 1203 834 1254 Ceterum
845 1203 945 1268 princi,-

139 1270 188 1336 pia
199 1270 259 1319 eius
272 1269 338 1320 belli
349 1267 421 1320 haud
432 1270 605 1338 improspera
612 1269 844 1324 Lacedaemoniis
855 1269 944 1322 fuere.

139 1337 223 1386 luxta
235 1335 404 1404 Corrhagum
416 1339 599 1392 Macedoniae
611 1339 755 1391 castellum
768 1339 944 1404 cumAntipa·
1018 1339 1019 1356 ³

139 1405 179 1455 tri
190 1403 324 1455 militibus
336 1408 481 1473 congressi
494 1408 615 1458 victores
626 1409 787 1457 extiterant:
809 1413 837 1456 et
846 1405 889 1456 rei
898 1405 945 1455 be·

140 1486 177 1522 ne
192 1478 290 1538 gestae
304 1471 378 1522 fama
392 1475 475 1530 etiam
490 1477 536 1540 qui
550 1473 693 1538 suspensis
707 1473 846 1524 mentibus
856 1473 946 1523 fortu-

140 1554 205 1590 nam
224 1545 432 1606 spectaverant,
463 1541 492 1590 in
517 1542 681 1591 societatem
700 1553 794 1590 eorum
815 1541 946 1605 pertracti

140 1614 216 1658 sunt.
235 1606 296 1656 Una
307 1621 341 1656 ex
351 1606 445 1657 Elaeis
454 1606 626 1672 Achaeisque
637 1606 750 1657 urbibus
762 1607 876 1658 Pellene
887 1606 946 1656 foe-

142 1675 196 1727 dus
216 1673 430 1739 aspernabatur3
452 1685 480 1724 et
499 1673 527 1724 in
541 1675 659 1724 Arcadia
672 1673 871 1740 Megalopolis,
892 1673 947 1722 lida

140 1740 347 1795 Macedonibus
363 1741 398 1790 ob
414 1739 537 1857 Philippi
552 1740 721 1801 memoriam,
743 1756 759 1790 a
775 1755 830 1806 quo
844 1739 947 1790 beneti-

143 1811 197 1861 eiis
209 1807 311 1859 allecta
320 1808 421 1858 iuerat.
441 1807 497 1860 Sed
531 1823 582 1858 aec
592 1813 669 1858 arete
680 1809 864 1858 circumsessa
874 1805 948 1857 haud

142 1877 243 1944 procul
254 1875 397 1927 deditione
410 1875 519 1939 aberat,
539 1875 595 1928 nisi
609 1874 720 1925 tandem
731 1875 876 1940 Antipater
886 1875 948 1924 sub-

141 1946 277 1996 venisset.
313 1945 340 1994 ls
353 1951 498 2011 postquam
511 1950 602 1994 castra
612 1944 712 1994 castris
723 1942 850 2004 contulit,
862 1955 948 2008 seque

142 2027 261 2064 numero
280 2012 398 2062 militum
418 2011 529 2079 alioque
549 2016 683 2078 apparatu
697 2011 870 2077 superiorem
885 2024 949 2060 con·

142 2080 247 2148 spexit,
269 2079 467 2146 quamprimum
483 2079 517 2131 de
534 2094 640 2140 summa
652 2093 744 2129 rerum
757 2077 869 2196 proelio
885 2091 948 2127 con·
1018 2107 1019 2112 =

142 2147 262 2200 tendere
282 2148 390 2200 statuit:
412 2161 501 2214 neque
520 2145 737 2198 Lacedaemonii
777 2151 948 2195 atrectavere

66 2241 70 2247 ·
143 2221 296 2266 certamen.
332 2215 534 2266 ltacommissa
545 2221 787 2281 estpugna,quae
797 2227 855 2262 rem
866 2212 947 2278 Spar·

143 2289 238 2334 tanam
249 2283 383 2334 maiorem
393 2283 422 2332 in
431 2281 543 2332 mudum
558 2280 664 2332 alllixit.
702 2280 769 2330 Cum
781 2281 852 2332 enim
863 2296 896 2331 an
919 2297 947 2330 u·

145 2351 209 2400 stiis
220 2351 360 2413 locorum,
370 2351 399 2400 in
410 2349 509 2430 qqibus
519 2349 706 2415 pugnabatur,
720 2347 830 2410 confisi,
842 2349 888 2400 ubi
899 2297 949 2399 ἕο·

146 2419 185 2469 sti
195 2418 299 2469 nullum
309 2415 495 2469 multitudinis
505 2431 583 2466 usum
594 2415 716 2466 laturum
727 2415 885 2480 credebant,
892 2417 949 2466 ani·

144 2499 225 2536 mose
245 2487 392 2552 congressi
413 2490 516 2546 essent,
537 2499 626 2550 neque
642 2483 816 2536 Macedones*
830 2485 948 2550 impigre

142 2553 319 2614 resisterent,
339 2552 454 2604 multum
465 2552 608 2619 sanguinis
619 2549 710 2602 fusum
721 2558 772 2602 est.
806 2551 862 2604 Sed
873 2555 950 2616 post·

144 2636 227 2688 quam
238 2621 383 2686 Antipater
395 2621 531 2686 integram
546 2618 662 2670 subinde
678 2634 787 2671 manum
797 2617 949 2669 laboranti·

142 2687 197 2740 bus
212 2689 271 2740 suis
287 2686 563 2747 subsidio-mittebam
583 2685 702 2752 impulsa
712 2685 948 2738 Lacedaemonio·
988 2731 992 2734 .

142 2755 298 2808 romarios
312 2753 428 2822 gradum
439 2754 592 2822 paullisper
608 2755 711 2806 retulit.
749 2752 831 2816 Quod
841 2750 949 2817 conspi-

972 2885 1019 2982 1¹
