2048 3034
155 152 203 205 lit
371 151 543 213 Quiriti
575 151 741 204 CURTII

154 254 270 306 ducibus
276 253 440 322 propinquis
460 271 495 307 ue
506 255 618 322 agmina
627 257 656 306 in
667 255 751 304 armis
762 253 896 305 stantium
910 254 962 304 eir-

152 321 283 384 cumibat,
298 320 401 384 Solem,
413 330 442 373 et
481 321 581 384 ithren,
601 336 764 389 sacrumque
776 327 806 372 et
815 327 963 372 aeternnm

151 390 285 440 invocans
295 390 397 456 ignem,
418 397 469 454 „ut
477 390 535 441 iliis
546 391 658 509 dignam
666 398 760 441 vetere
770 389 864 457 gloria
874 389 965 439 maio-

151 470 267 523 rumque
278 459 463 510 monumentis
473 457 572 510 fortitu
593 459 666 509 inem
676 458 854 524 inspirarent.
876 456 918 506 13.
928 456 965 505 Ei

153 523 292 590 proiecto,
314 525 337 575 ai
349 541 403 591 qua
413 526 524 578 divinae
535 526 596 592 opis
610 527 727 594 auguria
737 523 858 575 humana
867 530 964 574 mente

154 592 264 658 concipi
274 599 399 657 possent,
411 592 487 645 Deos
498 599 574 644 stare
584 608 688 644 secum.
724 591 792 644 illos
803 605 894 660 nuper
904 589 963 642 Ma-

153 659 289 712 cedonum
301 661 399 711 animis
411 661 531 712 subitam
541 660 694 712 incussisse
703 658 897 711 formidinem:
917 658 962 708 ad-

153 724 207 777 huc
217 725 376 794 lymphatos
387 727 456 780 ferri
467 731 577 797 agique,
589 743 666 779 arma
678 727 829 794 iacientes:
849 733 961 794 expete·

152 809 184 845 re
194 796 338 861 praesides
347 793 495 848 Persarum
506 797 614 863 imperii
625 797 694 847 deos
705 795 814 847 debitas
832 808 847 844 e
865 808 961 845 vecor-

1004 236 1012 349 i

153 862 236 913 dibus
246 877 361 928 poenas.
390 864 430 913 14.
450 863 509 916 Nec
520 865 611 931 ipsum
621 865 720 916 ducem
730 864 874 914 saniorem
886 876 960 921 esse;
1007 893 1012 900 ,

153 931 254 998 quippe
266 931 322 980 ritu
333 928 454 982 ferarum
464 933 595 999 praedam
606 930 700 992 modo,
712 945 793 998 quam
805 935 960 996 expeteret,

152 998 319 1058 intuentem,¹
336 1000 364 1048 in
375 999 536 1064 perniciem,
557 1013 628 1066 quae
644 1005 708 1049 ante
724 997 857 1065 praedam
868 997 961 1064 posita

154 1071 239 1125 esset,
256 1065 429 1116 incurrere.“
465 1065 570 1118 Similis
581 1067 653 1133 apud
664 1064 837 1118 Macedones
849 1079 961 1132 quoque

153 1129 317 1183 sollicitudo
329 1138 400 1184 erat:
419 1140 594 1201 noctemque,
606 1133 720 1186 velutin
731 1148 792 1184 eam
808 1133 960 1183 certamine

152 1198 257 1258 edicto,
269 1204 344 1248 metu
356 1207 480 1267 egerunt
518 1201 557 1252 15.
576 1202 742 1264 Alexander,
757 1215 814 1251 non
823 1201 896 1251 aiias
907 1213 960 1251 ma·

152 1265 196 1330 gis
207 1267 330 1327 territus,
342 1267 377 1317 ad
388 1274 454 1318 vote
465 1275 494 1320 et
502 1283 601 1335 preces
611 1269 802 1320 Aristandrum
813 1269 913 1319 vocari
924 1268 961 1316 iu·
1015 1301 1016 1304 ,

150 1331 208 1381 bet.
219 1329 278 1382 'iiie
288 1334 317 1382 in
325 1335 445 1385 candida
452 1343 539 1398 veste,
549 1336 684 1388 verbenas
694 1352 776 1388 manu
786 1333 960 1402 praeferens,

152 1398 244 1464 eapite
256 1399 358 1464 relato,
369 1404 496 1469 praeibat
504 1418 602 1471 preces
613 1407 683 1472 regi,
695 1404 960 1464 lorem‚Minerram

153 1464 361 1536 Victoriamque
373 1472 544 1538 propitianti.
582 1471 622 1524 it.
642 1473 721 1523 Tunc
731 1471 845 1539 quidem
856 1471 959 1524 sacriti-

151 1534 202 1584 eic‘
218 1536 271 1586 rite
290 1544 460 1604 perpetrato,
482 1540 618 1608 reliquum
635 1541 725 1591 noctis
736 1540 924 1606 adquieturus
935 1539 959 1588 in

151 1602 362 1655 tabernaculum
382 1606 475 1658 rediit.
512 1607 568 1661 Sed
579 1623 630 1658 nee
641 1623 766 1659 somnum
777 1622 890 1676 capere,
911 1619 960 1658 nec

152 1670 275 1789 quietem
288 1674 344 1737 pati
356 1682 476 1742 poterat.
512 1676 599 1728 Modo
611 1691 627 1727 e
638 1675 705 1743 iugo
716 1675 819 1726 montis
831 1677 924 1726 aciem
934 1674 961 1724 in

173 1746 280 1790 ostrum
292 1740 439 1795 Persarum
450 1759 538 1795 cornu
552 1744 698 1795 demittere
717 1743 858 1810 agitabat:
876 1741 960 1794 modo
1014 1773 1015 1780 κ

152 1815 230 1858 recta
247 1807 342 1860 fronte
363 1826 531 1862 concurrere
543 1811 630 1874 hosti3
648 1811 789 1862 interdum
807 1808 961 1871 haesitare,
1014 1845 1015 1854 ,

151 1889 186 1925 an
198 1877 292 1942 potius
302 1877 329 1927 in
341 1877 448 1929 laevum
462 1884 608 1946 torqueret
626 1894 735 1947 agmen.
774 1879 817 1929 li.
833 1878 962 1930 Tandem

152 1950 295 2009 gravatum
308 1945 392 1995 animi
403 1946 544 1997 anxietate
556 1961 657 2012 corpus
671 1947 756 1998 altior
774 1961 890 1997 somnus
916 1961 962 2012 op·

151 2012 270 2080 pressit,
292 2010 404 2078 iamque
415 2012 477 2063 luce
488 2019 550 2064 orta
560 2014 645 2066 duces
656 2015 692 2065 ad
701 2013 869 2080 accipienda
877 2014 962 2082 impe·

151 2078 195 2127 ria
215 2085 411 2140 convenerant,
431 2080 547 2132 insolito
568 2081 643 2133 cirea
661 2083 834 2151 praetorium
846 2082 962 2134 silentio

153 2145 277 2195 attoniti:
315 2146 355 2196 18.
374 2147 475 2214 quippe
485 2147 556 2200 alias
566 2163 712 2202 accersere
723 2153 811 2218 ipsos,
834 2156 864 2201 et
877 2151 964 2202 inter-

153 2211 216 2262 dum
227 2217 368 2263 morantes
379 2217 519 2283 castigare
531 2224 705 2269 assueverat:
723 2226 790 2270 tunc
808 2232 845 2268 ne
862 2218 963 2269 :dumo
1013 2243 1014 2276 r

154 2279 367 2345 quidemrerum
383 2282 544 2336 discrimine
564 2287 715 2338 excitatum
737 2301 801 2340 asse
822 2286 964 2338 miraban-

152 2351 247 2407 tur3et
255 2362 309 2396 nen
322 2363 420 2402 somno
428 2351 639 2419 quiescere‚sed
648 2369 752 2423 pavore
763 2368 892 2405 marcere
904 2367 965 2405 cre·

154 2411 265 2494 debpnt.
304 2413 343 2466 19.
364 2416 426 2469 Non
438 2425 529 2472 tamen
540 2423 685 2490 qnisquam
696 2437 711 2474 e
723 2421 890 2474 custodibus
901 2437 965 2473 cor·

153 2493 231 2562 pons
245 2488 349 2536 rumare
368 2485 579 2542 tabernaculum
589 2491 722 2543 audebat:
742 2496 771 2541 st
784 2491 841 2541 iam
850 2496 964 2558 tempus

152 2548 287 2614 instabam
306 2567 358 2604 nec
376 2553 457 2606 miies
470 2555 579 2609 iniussu
594 2558 674 2610 ducis
695 2564 744 2610 aut
763 2573 841 2610 arma
860 2571 965 2626 capere

152 2623 274 2682 poterat,
293 2621 380 2672 autin
391 2623 505 2674 ordines
515 2624 567 2676 ire.
602 2628 644 2678 20.
662 2625 721 2678 Diu
734 2626 886 2679 Parmenio
897 2639 964 2677 eun-

152 2690 253 2750 matus,
263 2687 354 2740 cibum
363 2696 395 2742 ut
404 2697 545 2777 caperent,
563 2693 624 2762 ipse
635 2694 811 2761 pronunciat.
847 2695 965 2764 lamque
1012 2697 1013 2736 i
