2054 3030
314 184 460 236 LIBER
487 185 533 234 lii.
563 185 648 238 GAP.
676 187 718 236 12.
872 183 920 236 129

106 301 228 354 mosque
246 289 275 338 in
297 293 385 339 semet
405 288 584 338 adverterant
604 290 729 354 captivae
748 293 838 339 mater·
855 302 921 339 con-

97 353 336 423 'iunxqueDariir
356 355 407 406 illa
417 371 474 406 non
487 355 635 407 maiestate
650 355 754 419 solum,
770 357 922 408 sedetiam
984 376 992 390 ·
1018 413 1019 416 ,

108 428 204 474 aetate
219 422 399 474 venerabilis:
419 421 490 474 haec
507 421 616 473 formae
631 421 848 488 pulchritudine,
868 439 921 474 nec

106 491 161 542 illa
174 490 285 558 quidem
300 495 376 542 sorte
392 497 532 557 corrupta.
568 491 725 557 Receperat
741 492 769 541 in
784 492 875 542 sinum
891 492 922 541 fi,

105 558 192 621 lium,
212 559 333 610 nondum
353 565 464 610 sextum
480 558 585 609 aetatis
601 573 703 608 annum
720 572 876 625 egressum,
892 561 922 609 in

106 641 188 693 spem
205 633 300 677 tantae
320 626 466 689 fortunae,
487 632 618 693 quantam
638 625 736 691 paullo
757 633 822 676 ante
840 633 922 692 pater

104 695 171 744 eius
182 695 323 756 amiserat,
335 694 469 760 genitum.
506 693 548 743 25.
559 694 594 744 At
602 695 632 744 in
642 693 749 759 gremio
762 709 830 744 anus
843 695 921 744 aviae

104 762 239 814 iacebant
249 761 362 812 adultae
374 762 501 827 virgines
513 761 595 822 duae,
611 775 667 811 non
677 775 728 812 suo
740 767 856 824 tantum,
872 763 923 811 sed

106 829 194 880 etiam
209 830 287 880 illius
307 842 440 879 moerore
462 827 619 878 confectae.
656 828 758 896 Ingens
779 829 922 879 circueas

104 897 245 948 nobilium
255 896 424 948 feminarum
438 895 520 946 turba
529 897 708 954 constiterat,
728 896 860 946 laceratis
872 896 923 945 cri·

104 965 200 1026 nibus,
222 964 405 1030 abscissaque
419 967 507 1026 reste,
527 964 638 1029 pristini
653 963 765 1014 decoris
780 965 923 1015 immemo-

102 1032 284 1098 res‚reginas
295 1030 488 1097 dominasque,
499 1033 573 1082 reris
584 1032 734 1098 quondam,
744 1038 812 1083 tunc
822 1031 923 1082 alienis

102 1099 285 1161 nominibus,
308 1105 450 1150 vocantes.
486 1097 541 1160 26.ι
557 1099 638 1163 iliae,
660 1115 727 1152 suae
752 1098 922 1151 calamitatis

100 1166 226 1228 oblitae,
238 1166 267 1217 in
277 1171 341 1216 utro
353 1181 439 1218 cornu
449 1166 551 1218 Darius
562 1169 698 1230 stetisset,
720 1183 791 1236 quae
808 1167 923 1218 fortuna

99 1233 282 1288 discriminis
302 1232 416 1297 fuisset,
435 1236 624 1301 requirebant.
661 1234 810 1304 Negabant
828 1251 859 1286 se
877 1251 922 1286 ca·

102 1309 179 1370 ptas,
195 1302 221 1353 si
235 1302 344 1353 vireret
357 1317 415 1353 rex.
452 1303 509 1355 Sed
524 1305 616 1368 illum,
632 1319 720 1370 equos
735 1304 853 1356 subinde
864 1319 922 1354 mu·

103 1375 224 1431 tantem,
235 1369 283 1420 lon
307 1371 349 1422 'us
359 1369 428 1438 iuga
438 1372 603 1424 abstulerat.
639 1373 682 1423 Ἡ.
701 1372 732 1423 ln
748 1375 809 1423 acie
828 1378 923 1422 autem

104 1443 268 1490 caasasunt
305 1453 430 1490 ersarum
441 1440 567 1506 peditum
582 1448 693 1492 centum
708 1440 806 1504 millia,
824 1440 923 1490 decem

106 1505 191 1575 [vero
209 1505 299 1556 millia
317 1505 481 1574 interfecta]
503 1509 637 1574 equitum.
672 1511 707 1558 At
727 1524 744 1558 a
763 1513 841 1574 parte
860 1506 924 1557 Ale·

104 1573 209 1626 xaudri
229 1580 349 1641 quatuor
368 1580 396 1624 et
416 1575 562 1642 quingenti
582 1577 671 1626 saucii
691 1575 784 1638 fuere,
804 1576 924 1642 triginta

43 1673 48 1684 ·
105 1640 223 1692 omniuo
234 1648 263 1692 et
274 1641 329 1692 duo
341 1655 377 1692 ex
388 1642 528 1706 peditibus
541 1643 693 1694 desiderati
704 1651 780 1694 sunt:
798 1645 923 1708 equitum

106 1715 221 1762 centum
241 1709 445 1775 quinquaginta
458 1708 609 1761 interiecti.
645 1711 768 1761 Tantulo
779 1709 922 1774 impendio

105 1779 209 1845 ingens
220 1777 341 1830 victoria
351 1778 439 1826 stetit.

159 1843 221 1896 ΧΠ.
232 1844 300 1906 Rex,
314 1842 839 1910 diuDaritrmpersequendofatigatus‚
846 1849 922 1908 post·

13 1964 17 1973 ,
102 1925 227 1980 eaquam
241 1919 269 1963 et
282 1927 340 1963 nox
354 1913 519 1979 appetebat,
543 1917 572 1962 et
591 1926 653 1962 eum
668 1911 839 1979 assequendi
858 1925 923 1976 spes

104 1996 166 2034 non
178 1986 251 2042 erat,
270 1979 300 2030 in
311 1987 405 2030 castra
416 1979 509 2045 paullo
521 1985 586 2032 ante
597 1980 682 2031 esuis
694 1987 776 2047 capta
785 1979 922 2046 pervenit

7 2047 9 2090 i
105 2049 132 2100 2.
145 2047 261 2098 Invitari
272 2047 374 2098 deinde
385 2049 501 2112 amicos,
507 2048 607 2117 quibus
616 2050 735 2100 maxime
746 2048 922 2106 adsueverat,

104 2116 204 2180 iussit3
226 2115 327 2184 quippe
337 2131 446 2167 summa
460 2117 605 2168 dumtaxat
617 2118 688 2168 cutis
702 2119 732 2167 in
746 2115 850 2166 femine
863 2128 922 2180 per-

104 2184 218 2246 stricta,
232 2198 289 2234 nou
299 2181 467 2264 prohibebat
477 2187 615 2236 interesse
626 2184 768 2246 convivi03
787 2198 871 2250 quum
882 2195 922 2232 re-

102 2257 193 2320 pente
204 2267 219 2302 e
231 2266 359 2318 proximo
373 2253 554 2304 tabernaculo
566 2253 694 2320 lugubris
702 2250 922 2312 clamor‚barba-

102 2336 140 2373 ro
157 2319 268 2371 ululatu
280 2319 450 2388 planctuque
464 2321 631 2386 permixtus,
653 2320 799 2386 epulantes
814 2325 923 2371 conter-

102 2388 176 2441 ruit.
192 2417 196 2422 ·
212 2387 236 2440 3.
255 2385 364 2439 Cohors
378 2403 498 2456 quoque,
521 2404 592 2455 quae
608 2388 764 2439 excubabat
778 2387 813 2438 ad
831 2388 922 2439 taber-

7 2473 8 2502 2
101 2453 241 2508 cucculum
249 2457 341 2524 regis,
359 2457 462 2515 verita,
480 2471 516 2507 ne
527 2456 643 2507 maioris
653 2464 746 2508 motus
757 2457 924 2524 principium

7 2553 8 2556 =
100 2529 198 2585 esset,
213 2537 321 2575 armare
336 2539 367 2575 se
386 2531 529 2590 coeperat.
564 2525 590 2574 4.
608 2524 701 2574 Causa
715 2525 800 2577 subiti
811 2523 924 2592 pavoris

102 2593 172 2654 tuit,
188 2591 264 2658 quod
279 2597 369 2644 mater
382 2608 509 2660 uxorque
525 2591 606 2643 Darii
621 2607 683 2643 oum
697 2594 814 2660 captivis
824 2589 912 2642 mulie

101 2661 187 2715 ribus
199 2658 356 2723 nobilibus,
372 2675 482 2728 regem,
499 2675 580 2729 quem
594 2659 773 2713 interiectum
791 2673 854 2711 esse
866 2669 924 2706 cre-

96 2728 367 2846 debffi'snffinngsemi
392 2728 499 2797 gemitu
524 2728 685 2825 eiulatuque
701 2728 859 2847 ldeflebant.
898 2722 923 2774 5.
