2036 3030
116 179 148 218 iv

117 279 256 348 qnantum
274 271 304 328 id
321 271 447 327 humana
464 289 517 345 ope
533 271 674 345 praestari
688 279 800 346 posset,
819 280 918 329 textus

116 372 196 428 omni
208 370 311 427 mendo
325 389 413 445 purus
426 369 605 426 redderetur:
628 369 703 446 quod
716 370 742 426 si
755 368 854 441 nobis,
873 371 916 426 uti

116 487 278 544 speremus,
302 472 373 527 setis
396 469 544 527 commode
564 469 734 546 eontigerit,
759 468 846 526 hebet
866 468 915 527 hie
991 443 992 494 ᾖ

116 571 207 625 leotor
226 568 381 625 editionem
399 577 429 624 et
446 568 482 625 ab
496 577 616 624 externo
630 577 738 630 ornatu
750 568 814 625 inre
827 570 915 624 meri-

117 678 203 745 toque
223 667 489 739 commendandam,
509 669 539 724 et
556 669 635 724 eirea
651 668 741 742 ipsius
763 669 913 742 scriptoris

115 776 228 826 textum
241 768 489 838 inemendatum,
503 777 538 824 nt
551 768 643 826 cuivis
657 767 721 824 loeo
734 785 787 824 sno
799 776 915 824 senten-

82 859 85 867 *
116 869 158 924 tin
175 885 282 944 sueque
301 867 389 923 dictio
408 869 549 943 genuino,
569 866 662 944 quood
680 866 710 924 id
728 865 814 923 hodie
838 865 916 923 effici

116 969 225 1044 potuit,
244 966 315 1022 bene
327 967 463 1042 salveque
477 975 603 1037 eonstet,
622 976 666 1038 et,
683 968 715 1022 in
728 977 866 1043 quantum
878 967 916 1021 il·
990 989 991 1040 j

117 1066 166 1124 lud
184 1065 219 1122 eb
238 1065 401 1121 huiusmodi
420 1065 593 1122 editionibus
610 1067 719 1142 requiri
738 1075 768 1121 et
785 1064 870 1123 debet
888 1073 918 1120 et

117 1175 227 1242 potest,
243 1165 491 1221 eorreotissimem.
535 1163 616 1231 Qnoe
629 1173 760 1241 utquam
771 1163 917 1239 pluitque
991 1215 992 1222 ,

116 1264 268 1324 historiam
285 1282 386 1340 resque
404 1274 500 1341 gestos
514 1263 672 1320 Alexandri
690 1264 789 1339 magni
808 1261 918 1339 eogno-
991 1285 992 1294 ¹

117 1382 198 1422 soere
209 1365 388 1439 cupientibus
397 1374 425 1420 et
437 1366 614 1438 voluptutem
622 1371 657 1419 et
667 1363 823 1419 utilitatem
832 1379 917 1438 qoem
991 1378 994 1424 ζ

117 1465 271 1522 maximam
286 1463 432 1538 praebent,
439 1478 487 1522 est-
498 1471 574 1541 quod
586 1477 725 1537 optemus.
753 1459 790 1517 D.
800 1459 917 1537 Lipsiae
993 1439 994 1466 ³

117 1581 215 1620 mense
228 1561 306 1636 Mejo
317 1559 518 1618 Mucccxu.

638 1793 643 1798 -
680 1744 868 1818 οταν.
992 1691 996 1720 ‘
