2054 3030
93 197 143 248 lta
306 193 477 255 QUINTI
505 193 671 246 GUR'l'll

91 297 223 367 praemia.
259 294 353 362 Leges
370 303 460 348 autem
481 313 497 347 a
516 296 669 348 victoribus
689 297 756 360 dici3
777 299 867 364 accipi
885 315 907 351 a

90 366 182 416 victis.
218 361 248 413 ln
259 369 321 414 utro
333 369 408 414 statu
418 366 497 416 ambo
509 371 611 426 essent,
623 365 734 414 sisoius
745 367 905 431 ignoraret,

92 431 291 498 quamprimum
303 432 392 482 Marte
404 432 576 483 decerneret.
599 432 623 481 8.
637 431 673 482 Se
685 448 805 499 quoque,
815 448 904 500 quium

92 500 241 550 transisset
254 513 341 561 mare,
361 516 417 550 non
433 500 559 552 Ciliciam
577 507 626 550 aut
638 499 766 566 Lydiam,
784 501 794 561 (
816 503 908 568 uippe

91 567 163 617 tanti
173 567 242 617 belli
251 567 379 634 exiguam
388 566 458 618 hanc
469 582 531 618 esse
541 569 720 631 mercedem)
736 568 786 619 sed
797 515 902 620 Perse-

90 635 187 701 polim,
198 643 281 700 caput
290 638 371 702 regni
381 635 450 697 eius,
461 635 563 686 Bactra
574 635 684 697 deinde,
696 636 848 695 Ecbatana,
859 637 902 687 ul·

89 703 206 770 timique
218 703 341 754 Orientis
353 718 429 753 oram
439 703 556 769 imperio
569 719 619 754 suo
631 703 796 754 destinasse.
823 703 902 765 Quo·

91 785 199 838 cunque
209 771 257 822 ille
269 770 367 838 lugere
377 772 525 837 potuisset,
545 771 634 837 ipsum
645 773 723 837 sequi
735 787 831 838 posse:
852 772 900 822 de-

90 840 195 889 sineret
213 846 321 889 terrere
335 838 503 901 fluminibus,
525 853 606 905 quem
616 839 703 888 sciret
712 839 799 888 maria
808 845 901 892 trana-

89 907 181 960 isse‘t
214 906 238 958 9.
257 907 350 972 Reges
370 906 480 973 quidem
498 907 617 956 invicem
632 904 703 956 haee
717 907 898 973 scripserant.

90 974 146 1026 Sed
158 972 258 1024 Rhodii
269 975 365 1024 urbem
376 989 454 1024 suam
464 980 615 1039 portusque
631 973 770 1024 dedebant
780 975 903 1025 Alexan·

89 1043 151 1092 dro.
187 1042 238 1092 llle
248 1041 375 1091 Ciliciam
386 1040 495 1092 Socrati
508 1041 672 1102 tradiderat3
683 1040 796 1092 Philota
805 1045 899 1109 regio·

88 1113 117 1160 ni
129 1111 204 1160 circa
214 1111 318 1174 Tyrum
329 1109 407 1158 iusso
418 1108 587 1174 praesidere.
607 1107 802 1174 Syriam‚quae
810 1109 903 1160 Coele

89 1176 256 1244 appellatur,
267 1174 460 1225 Andromacho
473 1175 620 1226 Parmenio
631 1176 793 1238 tradiderat,
810 1177 897 1238 bello,

90 1245 164 1310 quod
175 1250 328 1309 supererat,
339 1242 531 1293 interfuturus.
569 1245 608 1293 lo.
628 1245 696 1305 Rex,
708 1242 900 1310 Hephaestio·

89 1326 124 1361 ne
137 1307 293 1360 Phoenices
311 1325 387 1362 oram
403 1311 492 1360 classe
503 1309 679 1377 praetervehi
688 1312 780 1374 iusso,
802 1313 837 1362 ad
852 1327 897 1363 ur·

88 1379 152 1427 bem
169 1376 274 1427 Gazam
290 1393 351 1428 cum
366 1377 491 1428 omnibus
507 1379 596 1444 copiis
612 1380 697 1429 venit.
734 1382 772 1430 ll.
794 1379 897 1430 lisdem

88 1445 149 1508 fere
162 1443 259 1497 diebus
271 1445 406 1496 sollemne
418 1452 479 1495 erat
488 1445 898 1514 ludicrumlsthrniorum,quod

89 1519 228 1564 conventu
252 1515 339 1564 totius
356 1513 491 1564 Graeciae
507 1513 671 1565 celebratur.
707 1515 737 1564 ln
752 1529 785 1565 eo
803 1515 893 1566 conci-

88 1580 141 1641 lio,
159 1587 191 1631 ut
209 1588 274 1632 sunt
287 1580 458 1632 Graecorum
476 1585 646 1648 temporaria
662 1583 783 1648 ingenia,
800 1582 902 1632 decer·

88 1655 169 1711 nunt,
188 1655 219 1700 ut
233 1649 379 1700 duodecim
391 1649 552 1717 legarentur
568 1651 603 1700 ad
620 1665 724 1716 regem,
744 1652 792 1716 qui
803 1649 903 1701 obses

87 1732 138 1782 pro
150 1717 241 1768 salute
254 1717 389 1770 Graeciae
400 1734 432 1770 ac
442 1719 573 1770 libertate
584 1725 688 1784 gestas,
706 1731 839 1768 coronam
850 1732 898 1768 au·

40 1846 42 1852 Ι
87 1799 164 1836 ream
175 1786 277 1838 donum
288 1786 423 1838 victoriae
434 1785 549 1838 ferrent.
585 1788 625 1835 12.
644 1785 731 1836 iidem
741 1784 836 1851 paullo
850 1801 898 1836 an-

88 1860 117 1905 te
126 1855 251 1906 incertae
269 1854 358 1906 faniae
375 1861 556 1920 captaverant
565 1869 668 1913 auram,
688 1859 719 1902 ut
729 1867 904 1920 quocunque·

87 1923 242 1988 pendentes
252 1925 359 1973 animos
369 1922 482 1973 tulisset
490 1921 611 1982 fortuna,
623 1927 814 1986 sequerentur.
854 1921 896 1972 13.

89 1990 218 2042 Ceterum
229 2006 283 2040 uon
294 1993 354 2055 ipse
365 1987 448 2040 modo
460 2003 510 2038 rex
519 1988 615 2039 obibat
625 1989 717 2049 urbes,
731 1988 843 2054 imperii
854 1989 897 2038 iu-

87 2073 152 2124 gum
163 2057 253 2109 adhuc
264 2061 438 2118 recusantem
458 2055 507 2104 sed
519 2062 662 2120 praetores
674 2070 784 2123 quoque
794 2056 896 2120 ipsius,

88 2128 197 2194 egregii
217 2126 311 2184 duces,
327 2123 404 2188 plera
424 2137 458 2172 ue
472 2123 639 2174 invaserant.
676 2122 757 2174 Calas
776 2121 899 2190 Paphla·

87 2195 213 2260 goniam,
234 2193 388 2258 Antigonus
438 2190 596 2256 ycaoniam:
628 2191 775 2253 Balacrus,
796 2190 897 2240 ldarne

85 2268 216 2326 praetore
226 2259 305 2308 Darii
318 2263 458 2323 superato,
470 2257 597 2309 Miletum
609 2261 694 2324 cepit:
720 2258 759 2308 ll.
771 2256 898 2326 Ampho-

85 2336 163 2378 terus
176 2333 203 2377 et
213 2323 395 2392 Hegelochus
406 2331 515 2376 centum
525 2328 672 2394 sexaginta
682 2328 790 2376 nauium
801 2326 903 2377 classe-

85 2394 192 2444 insulas
207 2394 280 2443 inter
289 2393 419 2444 Achaiam
440 2400 522 2460 atque
539 2395 630 2446 Asiam
644 2395 672 2444 in
682 2394 816 2444 ditionem
828 2393 898 2444 Ale-

84 2460 183 2512 xandri
194 2461 370 2529 redegerunt.
407 2462 522 2512 Tenedo
534 2478 644 2529 quoque
652 2468 773 2527 recepta,
784 2459 903 2524 Chium,

84 2529 187 2580 incolis
207 2529 280 2580 ultro
296 2530 473 2591 vocantibus,
494 2537 651 2581 statuerant
670 2543 819 2595 occupare:
851 2529 895 2578 15.

85 2595 136 2648 sed
153 2596 364 2660 Pharnabazus,
379 2597 459 2648 Darii
473 2603 595 2662 praetor,
615 2594 824 2664 comprehensis
845 2597 902 2663 quis

84 2679 130 2715 res
146 2664 181 2714 ad
195 2663 364 2716 Macedonas
385 2664 543 2722 trahebant,
566 2677 662 2714 rursus
683 2663 845 2730 Apollonidi
864 2669 903 2716 et

84 2729 289 2802 Athenagorae,
301 2748 412 2785 suarum
423 2732 541 2798 partium
552 2732 628 2793 viris,
646 2731 740 2782 urbem
755 2746 816 2781 cum
834 2745 901 2781 mo·
