2082 3042
111 227 160 279 326
324 215 494 282 QUINTI
521 209 687 264 cUR'rtl

110 323 199 378 dltllei.
235 322 260 372 4.
282 319 449 385 Quattuor·
462 313 638 367 Macedonum
651 307 855 361 rueritiuetttae
872 321 916 358 ru-

107 389 214 461 peretti
233 385 441 457 quotusquisque
452 399 531 436 noue
546 378 670 430 viliorimo
680 374 836 444 sanguinei!
865 371 915 424 ae-

110 460 189 521 talia,
206 464 232 509 et
245 454 380 516 Philotae,
396 460 424 502 et
435 446 591 508 Parmenio,
606 452 637 497 et
646 443 789 512 Dyueertte
799 441 917 492 Alteram·

111 527 166 588 dtr,
178 533 206 576 et
216 523 308 584 Clitar,
320 525 448 588 quantum
458 517 495 567 ad
503 516 589 567 horter
594 511 721 580 pertinet,
732 509 832 570 uiuunt,
844 514 921 558 etmel

110 591 140 644 iu
150 591 216 654 acie,
228 599 253 642 te
265 587 359 656 olqpeir
369 584 423 637 utet
427 589 589 652 protegunt,
600 587 684 646 etpro
693 576 785 646 gloria
795 583 855 637 tua,
863 589 918 642 pro

111 658 238 720 uictoria,
256 658 367 707 uulnere
380 650 527 718 accipiunt:
546 647 640 717 quitur
654 653 684 696 tu
698 642 836 714 egregiam
850 656 918 710 gru·

113 724 179 778 darn
192 722 316 777 retulisti.
364 721 389 771 δ’.
409 719 484 770 Aliae
497 729 613 768 mentum
627 721 701 764 totam
719 709 851 779 runguiue
871 723 919 760 ruo

113 791 255 862 adspersit:
266 790 334 841 aliut
344 803 377 838 me
386 783 502 854 simplici
508 783 613 864 quidem
624 787 709 832 morte
719 777 860 849 defunctui
871 783 919 827 ert.

113 859 202 911 Duces
214 857 377 910 exercituum
387 863 494 906 tuorum
502 867 532 902 m
542 851 678 918 equuleum
686 842 922 914 impariti,Perrir,

115 943 179 994 quoe
197 926 330 984 uicerant,
347 920 607 994 fioere'rpeotaeulo.
651 912 795 967 Parmenio
817 911 922 963 indicta

114 1011 195 1045 cauea
210 991 359 1044 trucidetur
374 997 423 1051 ert,
434 1004 485 1055 per
496 1001 572 1054 quem
582 984 702 1035 Attalum
713 980 857 1032 occiderer.
894 979 920 1030 d.

114 1060 231 1112 luoieem
247 1059 316 1111 euim
329 1057 486 1110 miserorum
500 1060 582 1104 uteru
594 1049 715 1102 munibat
727 1049 763 1099 ad
774 1046 922 1114 expetenda

112 1143 144 1178 eu
159 1127 258 1195 plicia.-
269 1135 369 1194 etquoe
374 1123 467 1191 paullo
478 1129 541 1172 aute
550 1115 685 1171 ministrat
696 1114 782 1168 caedit
793 1113 920 1174 habuisti,

113 1144 200 1246 mitto
212 1193 244 1244 ab
256 1193 315 1244 aliie
325 1191 398 1242 iubet
410 1187 549 1240 trucidari.
585 1187 610 1236 l.
622 1185 794 1250 Obstrepunt
802 1181 921 1233 subinde

115 1261 208 1312 cuncti
214 1259 376 1310 Hermolao.
388 1256 636 1320 Patersuprenrum
647 1252 798 1304 strinxerat
807 1249 922 1310 ferrum,

113 1341 297 1394 percussurus
316 1323 496 1384 hauddubie,
517 1323 546 1372 ni
563 1319 700 1372 inhibitus
720 1323 795 1370 esset
809 1333 825 1366 a
839 1331 923 1384 rege3

115 1394 216 1460 quippe
226 1390 409 1442 Hermolaum·
419 1389 513 1440 dicere
525 1388 616 1448 iussit,
625 1388 772 1453 petiitque,
782 1392 813 1435 ut
823 1398 923 1435 causae

62 1510 64 1513 ,
115 1461 246 1526 supplicii
257 1464 404 1526 augentem
416 1457 555 1524 patienter
565 1456 702 1505 audirent.
738 1453 763 1502 8.
779 1453 868 1518 Aegre
881 1467 924 1502 er-

115 1542 151 1596 go
169 1527 316 1587 eeircitis,
335 1540 430 1576 rursus
446 1523 629 1574 Hermolaus:
659 1519 747 1584 Quum
767 1518 923 1579 liberaliter,

113 1595 212 1662 inquit,
223 1593 316 1660 puerit
330 1592 439 1644 rudibus
454 1589 634 1641 addicendum
645 1603 728 1656 agere
734 1585 884 1655 permittit!
895 1593 925 1636 ut
995 1578 1006 1601 ⁶

117 1661 285 1714 Callisthenis
298 1675 349 1711 uox
363 1675 473 1710 currere
485 1657 588 1708 incluta
605 1663 655 1718 ert,
678 1656 740 1722 quia
753 1655 822 1706 uolut
832 1662 926 1720 potest

115 1729 210 1781 dicere.
245 1729 269 1781 9.
291 1729 346 1779 Gur
356 1725 426 1778 enim
435 1723 665 1792 mouprodueitur,
678 1737 758 1790 quum
769 1720 850 1772 etiam
860 1737 923 1772 cou-

108 1795 185 1865 ferri·
190 1796 353 1847 audiuntur?
387 1789 489 1859 Nempe*
498 1791 607 1842 liberam
617 1805 706 1842 rorem
716 1787 865 1840 innocentii
876 1804 925 1838 au-

115 1863 172 1915 dire
186 1863 292 1925 metuit,
314 1879 346 1913 ae
359 1877 392 1912 ue
406 1861 506 1912 uultum
523 1859 626 1926 quidem
636 1857 748 1924 poteria.
785 1858 825 1906 10.
838 1854 926 1922 Atqui

115 1930 185 1981 uiuit
193 1929 355 1998 eumfeee'me
365 1927 505 1978 contendo.
541 1925 611 1976 Sunt
628 1923 684 1987 lie,
701 1923 747 1991 qui
758 1937 858 1975 meeum
866 1937 924 1973 rem

110 1997 319 2064 pulcherrimum
338 1994 540 2074 cogitauerunt.-
558 2007 635 2042 nemo
655 1999 707 2053 eet,
731 1990 777 2058 qui
789 1989 924 2042 ronedum

108 2065 197 2132 fuitne
211 2063 286 2115 uelit
304 2061 491 2114 Oalltrtloenem
505 2059 590 2120 dieat,
611 2075 691 2126 quum
705 2058 787 2110 marti
803 2057 866 2108 olim
880 2057 922 2107 de-

114 2132 228 2183 elimatur
238 2131 276 2182 eit
284 2128 453 2182 uiuelirrimo
464 2137 490 2179 et
495 2125 694 2194 patientissimo
705 2143 777 2193 rege.
794 2127 834 2175 ll.
846 2122 923 2175 Haec

115 2215 180 2266 ergo
192 2207 256 2249 suut
265 2195 443 2250 Macedonum
449 2192 581 2262 praemia,
594 2209 707 2261 quorum
717 2201 921 2260 ututperraeuo

115 2273 142 2314 et
148 2266 256 2316 rordirlo
268 2263 385 2317 eleuterio
395 2261 535 2330 tauguiue.
572 2261 611 2312 Ar
624 2253 674 2312 tibi
682 2259 763 2313 XXX
773 2258 856 2310 millia
865 2273 922 2310 mu·

113 2332 199 2381 lorum
209 2333 341 2398 captiuum
351 2346 447 2382 aurum
459 2329 572 2392 oeltuut,
592 2344 671 2396 quum
684 2327 779 2378 militer
794 2325 863 2377 utta
876 2326 922 2378 do-

113 2412 184 2447 mum
197 2407 311 2464 praeter
327 2397 465 2466 gratuiter
491 2396 630 2448 oioatrioer
649 2393 763 2447 relaturi
780 2394 842 2444 siut.
879 2395 921 2444 lt.

114 2463 190 2526 Quae
210 2472 298 2515 tamen
312 2466 400 2517 orunia
418 2467 535 2517 tolerare
546 2463 695 2532 potuiuoua,
715 2468 862 2528 autequam
874 2476 922 2512 nor

114 2530 237 2583 barberio
246 2532 361 2594 dederet,
379 2542 406 2584 et
414 2549 482 2584 uooo
493 2548 567 2583 mare
578 2529 692 2582 uictores
701 2528 748 2578 rub
757 2526 852 2596 iugum
862 2527 922 2578 mit-

113 2606 190 2650 terer.
219 2598 363 2650 Puearum
374 2608 399 2651 te
409 2600 490 2651 uertit
499 2608 526 2651 et
535 2597 673 2665 tuupttm
685 2597 807 2657 delectat,
813 2593 923 2662 patrios

112 2677 199 2716 morer
209 2681 304 2717 euoutr
314 2681 348 2718 et.
376 2666 521 2720 Perrorum
531 2681 607 2735 ergo,
619 2680 676 2715 nou
683 2661 871 2726 Macedonum
882 2677 923 2713 re-

110 2743 174 2794 gem
187 2733 309 2784 occidere
326 2731 473 2796 volutum
486 2742 514 2786 ot
525 2741 564 2796 te,
579 2729 769 2799 natefingam,
789 2727 851 2782 belli
862 2728 924 2782 iare
