2048 3034
338 197 486 250 LIBER
511 197 562 251 vl.
591 201 683 254 cnP.
714 202 738 252 5.
894 201 943 252 241

135 317 173 356 ne
189 302 330 354 exercitus
349 307 469 367 poterat.
505 301 575 368 luga
588 303 722 354 montium
737 303 881 371 praealtae
896 301 945 354 sil-

137 384 189 422 vae
198 383 337 436 rupesque
346 369 438 419 inviae
449 370 572 435 sepiunt:
582 383 624 430 aa,
637 383 706 434 quae
718 371 800 436 plana
809 376 882 433 suut,
895 385 945 420 no·
1019 371 1020 374 ’

135 452 172 487 vo
183 437 345 488 munimenti
358 451 461 504 genere
472 437 660 502 impedierant
675 436 793 488 barbari.
831 437 873 488 14.
892 437 944 487 Ar·

135 505 220 556 bores
233 504 335 555 densae
345 511 410 555 sunt
421 519 456 555 ex
465 504 605 554 industria
615 505 753 564 consitae,
775 519 890 570 quarum
902 513 943 556 te-

134 587 219 624 neros
231 569 320 623 adbuc
331 587 425 628 ramos
436 587 518 624 manu
530 571 656 632 flectunt,
673 585 742 636 quos
752 571 873 625 intortos
882 587 944 624 rur·

136 656 183 690 sus
195 638 318 693 inferunt
327 646 433 692 terrae:
444 639 510 689 inde
522 638 598 690 velut
610 653 643 688 ex
654 637 710 687 alia
720 638 814 688 radice
826 637 942 692 latiores

133 708 225 758 virent
234 708 335 758 trunci.
370 707 411 759 15.
429 705 501 767 Hos,
522 721 576 772 qua
586 712 685 756 natura
694 704 758 768 fert,
779 704 942 762 adolescere

133 789 190 826 non
200 775 305 829 sinunt:
328 776 429 890 quippe
446 773 530 832 alium
544 774 593 824 alii
604 773 683 838 quasi
693 788 767 824 nexu
776 779 942 838 conserunt3

136 843 181 898 ,ui
201 841 248 892 ubi
266 841 355 894 multa
385 845 467 891 ronte
481 840 579 890 vestiti
593 847 666 902 sunt,
686 841 816 907 operiunt
830 846 941 894 terram.

133 857 232 975 ltaque
244 909 349 959 occulti
360 923 448 961 nexus
459 922 607 972 ramorum,
628 909 704 960 velut
719 909 821 976 laquei,
846 923 942 974 perpe-

133 983 183 1026 tua
193 990 261 1042 sepe
272 977 327 1025 iter
338 975 462 1026 cludunt.
500 973 539 1026 16.
559 977 619 1026 Una
629 975 701 1026 ratio
713 982 785 1036 erat,
797 975 941 1028 caedendo

135 1044 247 1110 aperire
258 1043 372 1092 saltum:
384 1043 434 1096 sed
446 1041 499 1094 bo'o
511 1059 620 1112 quoquc
631 1046 723 1111 magni
737 1044 840 1111 operis.
878 1043 942 1110 Cre,-
1019 1041 1020 1044 ’

133 1111 180 1160 bri
190 1125 308 1176 namque
320 1109 385 1160 nodi
397 1111 566 1170 duraverant
574 1113 729 1178 stipites‚et
739 1113 767 1166 in
779 1111 942 1178 seimpliaa·

131 1177 157 1228 ti
166 1177 296 1228 arborum
307 1179 376 1228 rami
387 1179 530 1248 suspensis
542 1181 655 1232 circulis
672 1180 789 1242 similes,
809 1180 886 1232 lento
903 1179 942 1228 vi·

132 1246 208 1298 mine
229 1243 435 1298 frustrabantur
453 1247 534 1300 ictus.
572 1249 612 1297 17.
631 1247 743 1300 Incolae
763 1254 865 1310 autem,
885 1249 942 1299 ritu

132 1312 257 1368 ferarum
267 1313 390 1382 virgulta
401 1315 495 1368 subire
508 1314 600 1377 soliti,
621 1322 685 1376 tum,
695 1331 806 1383 quoque
821 1318 941 1368 intrave-

130 1386 197 1432 rant
208 1381 321 1442 saltum,
343 1383 517 1449 occultisque
537 1383 602 1440 telis
624 1381 733 1438 hostem
753 1382 941 1436 lacessebant.

132 1447 184 1500 llle
203 1451 363 1500 venantium
383 1451 466 1502 modo
485 1450 605 1502 latibula
624 1458 772 1512 scrutatus,
792 1453 942 1517 plerosque

134 1515 274 1568 confodit:
286 1516 321 1578 ad
331 1515 458 1568 ultimum
470 1518 617 1568 circumire
628 1519 728 1571 saltum
739 1519 844 1574 milites
854 1518 942 1579 iubet,
1019 1563 1020 1570 ,

134 1591 164 1635 ut
174 1584 200 1634 si
211 1598 266 1650 qua
274 1588 394 1651 pateret,
405 1586 598 1649 irrumperent.
635 1586 675 1638 18.
685 1585 743 1642 Sed
755 1587 860 1652 ignotis
872 1585 943 1634 locis

133 1651 263 1718 plerique
286 1648 462 1701 oberrabant.
498 1651 616 1716 Excepti
632 1657 701 1705 sunt
722 1655 845 1718 quidam3
870 1652 944 1702 inter

134 1733 207 1786 quos
218 1731 307 1782 equus
318 1718 408 1783 regis,
420 1715 619 1782 (Bucephalam
630 1719 778 1781 vocabant)
791 1733 872 1785 quem
882 1718 944 1768 dle-

133 1785 243 1841 xander
254 1799 310 1834 non
322 1783 431 1846 eodem,
453 1801 508 1853 quo
518 1793 629 1836 ceteras
640 1785 771 1852 pecudes,
791 1786 883 1840 auimo
898 1799 944 1837 ae„

134 1852 276 1909 stimabat.
313 1850 383 1904 Nam
395 1851 443 1902 ille
456 1854 545 1904 necin
557 1853 642 1912 dorso
654 1853 776 1903 insidere
787 1869 838 1908 suo
856 1854 942 1916 patie-
1019 1909 1020 1912 ,

132 1923 218 1975 batur
228 1919 325 1980 alium;
342 1916 488 1988 stragem,
499 1937 582 1989 quum
592 1921 677 1987 rellet
689 1920 851 1982 ascendere,
862 1935 944 1984 spon-

132 1995 163 2041 te
178 2004 229 2040 sua
242 2003 334 2055 genua
348 1989 514 2048 submittens
535 1990 595 2044 cuci
616 1990 701 2049 jebet,
723 1988 943 2053 credebaturque

132 2057 241 2108 sentire
257 2055 478 2122 quem-veheret.
497 2109 500 2113 ,
516 2055 555 2107 19.
575 2005 685 2110 llhiom
700 2071 778 2124 ergo,
799 2071 879 2122 quam
898 2054 944 2105 de·

131 2125 226 2186 nebat,
245 2124 290 2173 ira
303 2125 386 2174 simul
401 2141 433 2178 ao
449 2125 547 2184 dolore
559 2125 727 2187 stimulatus,
750 2139 850 2189 equum
863 2123 944 2176 vesti-

134 2193 196 2311 qari
207 2191 295 2254 iubet,
317 2197 346 2242 et
353 2206 405 2264 per
414 2194 595 2259 interpretem
607 2192 793 2258 pronuntiari,
812 2191 842 2246 ni
853 2189 944 2240 reddi-

155 2261 254 2320 issent,
266 2259 403 2313 neminem
415 2275 478 2312 esse
489 2261 634 2318 victurum.
661 2261 721 2312 llac
733 2257 944 2310 denuntiatione

134 2327 241 2389 territi,
257 2341 318 2378 cum
330 2327 433 2378 ceteris
445 2328 526 2379 donis
538 2343 638 2397 equum
650 2328 798 2379 adducunt.
834 2328 875 2376 20.
889 2325 945 2380 Sed

135 2409 172 2444 ne
182 2395 224 2445 sic
235 2395 347 2462 quidem
358 2395 515 2462 mitigatus.
527 2395 606 2448 caedi
618 2394 703 2445 silvas
714 2393 804 2457 iubet,
815 2395 945 2461 adgesta·

136 2475 192 2530 que
211 2460 295 2516 buum
316 2477 332 2514 e
352 2463 502 2525 montibus,
524 2462 667 2531 planitiem
682 2463 766 2517 ramis
783 2463 946 2529 impeditam
1019 2517 1020 2520 Ἴ

136 2531 314 2599 exaggerari.
350 2531 392 2583 21.
412 2531 468 2581 lam
486 2531 689 2598 aliquantidum
703 2531 859 2580 altitudinis
876 2543 945 2594 opus

136 2605 275 2658 creperat.
298 2612 380 2664 quum
391 2598 514 2659 barbari,
534 2599 684 2664 desperato
696 2598 849 2665 regionem,
883 2610 947 2646 uam

138 2672 354 2731 occupaverant,
363 2680 447 2732 posse
457 2665 701 2734 retineri‚gentem
712 2682 790 2720 suam
800 2663 866 2714 dedi
888 2677 946 2714 ere.

137 2731 207 2794 Rex,
220 2731 365 2786 obsidibus
376 2727 514 2803 acceptis,
525 2732 659 2786 Phradati
669 2734 781 2786 tradere
793 2746 844 2784 eos
853 2731 946 2783 iussit.
1019 2749 1020 2752 ¹

191 2795 355 2851 Curuios.
713 2801 737 2862 Q

289 2879 295 2902 l
