2098 3040
323 221 471 272 LIBER
497 221 547 272 IX.
579 221 676 273 GAP.
703 222 728 273 4.
879 221 928 273 361

121 339 261 377 concursu
272 323 389 374 subinde
400 322 535 384 turbatur,
555 321 619 382 iter,
640 333 796 387 quameant
806 324 927 392 navigia,

119 395 149 443 in
167 397 280 442 tenuem
302 391 411 442 alveum
431 391 552 456 cogitur.
589 389 629 438 10.
649 389 746 454 ltaque
766 406 848 456 quum
869 405 928 444 cre·

119 460 165 511 bri
185 457 287 508 fluctus
308 473 338 508 se
357 455 535 518 inveherent,
556 463 586 506 et
605 455 715 505 navium
736 454 927 524 hincmarus,

119 525 185 579 hinc
196 525 286 577 latera
299 525 454 592 pulsarent3
476 522 633 574 subducere
647 532 748 572 nautae
766 535 926 591 coeperunt.

119 593 177 646 Sed
188 592 345 652 ministeria
353 607 450 643 eornm
462 589 526 640 hinc
536 596 621 651 metu,
633 587 698 639 hinc
707 593 873 656 praerapida
883 609 927 645 ce·

117 661 231 712 leuitate
242 660 382 713 fluminum
395 664 573 725 occupantur.
611 658 651 706 ll.
662 656 692 706 ln
706 657 796 708 oculis
807 661 927 712 omnium

119 730 176 781 duo
186 729 293 779 maiora
302 728 417 794 navigia
427 726 572 777 submersa
584 729 659 784 sunt3
675 725 792 786 leviora,
806 741 890 792 quum
901 735 928 778 ct
950 730 953 734 ’

118 797 180 864 ipsa
190 797 339 862 nequirent
347 794 419 861 regi,
440 794 469 843 in
479 793 568 858 ripam
581 798 673 842 tannen
684 791 800 843 innoxia
812 793 928 859 expulsa

118 871 191 918 suut.
211 891 212 896 =
228 864 291 930 lpse
303 876 354 912 rex
364 861 392 911 in
403 860 597 928 rapidissimos
608 859 731 910 vortices
741 860 853 910 incidite
869 862 928 928 qui·

117 932 170 982 bus
180 932 286 981 intorta
296 929 384 990 navis,
406 927 532 994 obliqua,
547 931 576 978 et
585 927 770 992 gubernaculi
779 927 928 994 impatiens

118 998 265 1064 agebatur.
303 999 343 1046 la.
362 996 420 1046 lam
433 1001 539 1046 vestem
552 994 714 1045 detraxerat
725 997 846 1061 corpori,
868 1011 930 1063 pro·

118 1067 246 1116 iecturus
267 1068 357 1113 semet
375 1061 405 1113 in
417 1061 533 1124 flumem
553 1061 701 1128 amicique,
720 1067 752 1112 ut
769 1063 931 1130 exciperent

80 1157 82 1160 ·
120 1147 193 1193 eum,
208 1129 281 1181 haud
292 1130 391 1198 procul
401 1130 515 1180 nabent:
527 1129 734 1196 apparebatque
746 1145 847 1198 anceps
858 1133 930 1198 peri-

120 1199 213 1250 eulum
232 1203 288 1248 tam
309 1199 440 1260 nataturi,
461 1213 542 1265 quam
563 1199 696 1262 navigare
711 1201 929 1263 perseverantis.

108 1266 160 1317 13,
180 1266 256 1333 Ergo
267 1265 377 1333 ingenti
388 1267 539 1316 certamine
552 1265 695 1317 concitant
706 1273 931 1385 remosquanta·

119 1348 173 1400 quc
183 1333 226 1384 vis
240 1331 359 1384 humana
370 1347 433 1384 esse
443 1338 565 1399 poterat,
582 1333 696 1384 admota
706 1340 758 1395 est,
775 1340 807 1385 ut
838 1340 930 1397 uetus,

119 1403 167 1468 qui
177 1415 207 1452 se
217 1393 396 1462 invehebant,
409 1401 651 1452 everberarentur.
686 1401 729 1451 14.
739 1401 822 1453 Findi
834 1402 930 1454 crede-

117 1483 164 1520 res
175 1467 273 1530 undas,
285 1475 313 1518 et
323 1475 399 1518 retro
411 1471 539 1535 gurgites
551 1468 661 1518 cedere.
699 1467 806 1528 Quibus
817 1471 929 1522 tandem

118 1537 197 1587 navis
209 1542 314 1600 erepta,
325 1549 380 1584 non
391 1540 484 1584 tamen
495 1535 573 1599 ripae
584 1535 753 1600 applicatur,
766 1537 816 1585 sed
827 1539 856 1586 in
865 1553 929 1604 pro·

117 1603 224 1654 ximum
243 1602 343 1651 vadum
363 1600 492 1651 illiditur.
531 1600 598 1649 Cum
619 1615 700 1651 amne
717 1600 821 1652 bellurn
839 1602 928 1654 fuisse

119 1668 261 1720 crederes.
296 1667 372 1734 Ergo
395 1668 451 1717 aris
467 1681 518 1732 pro
534 1680 649 1717 numero
665 1665 807 1718 fluminum
818 1671 929 1734 positis,

117 1734 317 1801 sacrificioque
327 1733 415 1796 facto,
424 1733 507 1784 XXX
517 1735 610 1785 stadia
620 1735 769 1798 processit.
807 1736 847 1787 15.
862 1737 929 1788 lude

118 1811 232 1854 ventum
243 1803 324 1852 estin
335 1802 479 1868 regionem
492 1801 703 1866 oxydracarum
715 1801 930 1870 Medorumque,

120 1886 200 1938 quos,
223 1870 293 1921 alias
303 1869 411 1921 bellare
421 1871 496 1920 inter
506 1883 537 1918 se
548 1867 661 1930 solitos,
679 1873 746 1918 tuno
756 1869 875 1934 periculi
885 1887 930 1924 so·

120 1939 209 1990 cletas
219 1937 358 1988 iunxerat.
386 1935 548 2004 Nonaginta
558 1935 647 1985 millia
655 1935 795 1986 iuniorum
806 1937 930 2002 peditum

118 2009 149 2058 iu
160 2004 244 2055 armis
257 2011 346 2068 erant3
368 2011 480 2070 praeter
494 2002 546 2055 bos
563 2002 688 2069 equitum·
701 2003 729 2054 X
744 2004 845 2067 millia,
863 2021 930 2056 non-

141 2077 280 2138 eutaeque
292 2071 389 2138 quadri
412 2087 455 2123 ae.
492 2070 532 2123 ld.
551 2070 778 2134 ltMacedonns,
796 2074 844 2139 qui
855 2073 930 2125 omni

120 2089 284 2192 discrimine
294 2139 349 2188 ium
361 2088 510 2190 deiunctoa
520 2153 551 2190 se
566 2153 629 2190 esse
644 2139 834 2203 crediderant,
854 2145 931 2208 post-

121 2223 240 2275 eaquam
260 2207 402 2272 integrum
420 2207 525 2258 bellum
545 2222 606 2258 cum
626 2205 811 2257 ferocissimis
834 2209 930 2260 Indiae

121 2276 252 2344 gentibus
272 2287 422 2341 superesse
441 2279 646 2341 cognoverunt,
674 2276 829 2340 improviso
853 2282 930 2328 metu

121 2343 226 2407 territi,
251 2357 347 2394 rursus
368 2341 511 2392 seditiosis
530 2341 648 2392 vocibus
667 2355 762 2408 regem
781 2343 929 2411 increpare

124 2416 285 2475 coeperunt.
306 2411 346 2460 17.
355 2409 480 2476 Gangem
491 2423 608 2471 amnem,
620 2415 649 2459 et
660 2423 730 2476 quae
740 2411 813 2461 ultra
824 2417 931 2474 esseut,

122 2483 250 2528 coactum
260 2477 463 2539 transmittere3
475 2482 633 2527 nontamen
644 2477 753 2540 finisse,
765 2479 816 2529 sed
825 2484 929 2530 mutas-

121 2559 153 2596 se
164 2544 276 2595 bellom.
311 2545 456 2597 indomitis
470 2544 601 2611 gentibus
618 2560 648 2596 se
664 2545 801 2607 obiectos,
821 2553 853 2596 ut
867 2559 928 2596 sau·

121 2612 206 2680 guiue
227 2627 278 2665 suo
299 2613 441 2680 aperirent
459 2613 486 2663 ei
501 2611 651 2664 Oceanum.
690 2612 729 2663 18.
748 2611 836 2664 Trahi
850 2620 930 2665 extra

120 2680 215 2732 sidera
225 2685 254 2731 et
265 2679 363 2742 solem,
376 2681 496 2748 cogique
508 2680 600 2742 adire,
611 2695 681 2748 quae
692 2681 857 2747 mortalium
865 2695 929 2732 ocu·

119 2746 156 2800 lis
167 2753 267 2799 natura
278 2747 452 2799 subduxerit.
481 2747 569 2801 Novis
580 2748 734 2800 identidem
745 2749 828 2801 armis
838 2764 927 2802 noros
