2036 3030
137 175 169 227 32
323 171 459 226 lOANN.
476 171 751 226 FRElNSHEMll

138 277 213 336 olim,
225 280 256 324 ut
265 274 394 336 diximus,
405 273 728 340 alieniorem,01ympias
737 273 903 325 morositate
915 281 944 324 et

137 343 299 410 arrogantia
308 340 336 390 in
348 340 408 390 dies
417 341 508 457 mapis
518 341 662 407 magisque
675 339 826 391 avertebat.
863 341 887 389 2.
899 342 944 392 ln-

138 411 172 462 de
182 408 354 476 repudiatam
366 407 469 458 nonnul
482 407 626 459 itradunt:
639 422 692 475 ego
704 409 732 458 in
743 406 942 458 eodemmatri·

139 477 231 530 monio
243 475 547 542 man-anticleopatran
559 475 781 542 superinductam
788 475 941 540 comperio.

137 545 197 598 Nee
217 543 290 595 enim
302 542 459 594 Alexander
471 543 500 592 in
513 548 592 592 tanto
610 542 747 593 dedecore
762 540 941 593 dulcissimae

140 611 248 675 matris,
275 612 354 662 cuius
372 609 463 676 pudor
481 608 517 659 ad
533 611 623 678 ipsum
645 623 754 677 quoque
777 610 940 676 pertineret,

139 684 149 740 (
153 695 213 732 nam
226 678 261 731 ob
272 678 361 745 stupri
373 678 559 743 suspicionem
571 676 713 742 expulsam
723 676 839 740 addunt)
853 677 941 729 inter-

137 749 239 800 fuisset
249 760 386 798 norercae
398 745 513 811 nuptiise
533 741 661 796 interfuit
672 751 775 806 autem,
793 750 822 794 et
831 744 942 796 demum

139 822 203 882 post
216 815 433 876 contentionem,
453 814 570 880 quaein
589 827 623 864 eo
643 813 771 863 convivio
786 819 942 873 exarserat,

139 890 253 934 matrem
264 882 387 932 abduxit.
414 880 438 930 3.
448 881 557 953 Quippe
568 895 650 947 quum
659 879 809 931 avunculus
821 894 942 945 sponsae
1011 911 1013 936 ,

139 951 259 1011 Attalus,
274 953 339 1014 post
354 948 466 1012 longam
480 949 715 1014 computationem
731 961 807 1014 spem
820 946 891 997 male
902 954 943 997 te-

139 1034 217 1086 gens,
229 1015 350 1066 orandos
358 1014 559 1066 Macedonibus
568 1013 646 1065 Deos
657 1015 773 1076 diceret,
783 1019 814 1064 ut
824 1029 859 1065 ex
869 1028 943 1065 nova

139 1092 224 1151 nupta
234 1081 388 1148 legitimum
404 1081 484 1146 regni
501 1095 692 1132 successorem
704 1080 848 1148 Philippus
858 1082 942 1132 tolle-

140 1159 195 1202 ret:
212 1149 380 1209 Alexander,
393 1147 422 1197 in
431 1146 500 1197 iram
512 1147 617 1214 alioqui
626 1163 773 1214 praeceps,
788 1156 817 1199 et
826 1154 892 1199 tuno
901 1151 942 1200 in-

139 1218 212 1268 iuria
220 1217 364 1276 irritatior,
382 1227 429 1264 noa
440 1229 517 1282 ergo,
529 1215 644 1275 sceleste,
656 1215 742 1282 spurii
751 1214 800 1265 tibi
807 1214 944 1267 videmur?

138 1284 241 1351 inquit:
259 1283 341 1334 simul
352 1281 476 1343 calicem,
489 1296 569 1348 quem
580 1280 654 1332 forte
666 1281 764 1333 dextra
772 1281 895 1345 tenebat,
913 1287 942 1335 in

140 1367 172 1402 os
181 1350 258 1402 illius
268 1349 398 1417 impegit3
417 1348 531 1415 illeque
552 1363 586 1398 ue
597 1349 715 1399 invicem
727 1349 848 1399 coniecit
857 1365 943 1416 pocu-

138 1420 204 1471 lum.
239 1418 264 1468 t.
279 1417 385 1468 Exorto
396 1416 525 1478 tumultu,
562 1413 691 1484 hilippus,
703 1417 749 1482 qui
759 1416 788 1466 in
798 1416 854 1466 alio
865 1417 941 1470 lecto

140 1486 322 1547 accubuerat,
342 1484 402 1535 eius
417 1483 474 1534 diei
487 1483 623 1534 laetitiam
642 1483 750 1535 turbari
767 1483 884 1534 moleste
902 1486 943 1536 ie-

140 1568 214 1615 rens,
231 1567 298 1604 ense
309 1553 407 1603 stricto
416 1551 602 1603 Alexandrum
612 1552 693 1618 petit:
705 1551 901 1617 occideratque
914 1555 942 1603 ti-

138 1621 216 1683 lium,
235 1620 290 1671 nisi
308 1619 510 1670 claudicantem
523 1634 559 1671 ex
572 1620 684 1672 vulnere
699 1618 806 1686 pridem
825 1628 942 1686 accepto

140 1703 266 1757 gressum
283 1689 327 1739 ira
346 1688 493 1754 vinumque
512 1688 760 1756 praepedivissent.
800 1687 825 1739 d.
846 1686 942 1739 Prola-

138 1773 205 1826 psus
217 1757 313 1808 amicis
323 1753 416 1806 subita
423 1769 454 1808 re
465 1758 608 1809 exterritis
619 1760 737 1824 spatium
748 1757 834 1815 dedit,
844 1763 876 1806 ut
882 1769 941 1822 pre·

139 1826 228 1888 cibus,
240 1831 268 1876 et
278 1823 403 1892 utrisque
411 1825 519 1877 medios
530 1823 744 1892 interponendo,
753 1822 940 1874 Alexandrum

140 1894 289 1960 eriperent.
325 1890 349 1942 6.
371 1890 430 1944 Nec
442 1893 559 1943 minoris
574 1905 676 1957 operae
691 1889 746 1940 fuit
754 1889 832 1939 illum
843 1903 940 1941 exora·

138 1975 178 2023 re,
190 1967 222 2012 ut
231 1961 324 2011 salvus
338 1973 401 2010 esse
415 1958 510 2009 vellet.
544 1957 693 2023 Multiplici
707 1957 810 2007 iniuria
823 1955 941 2010 affectus
997 1955 1004 1968 ’

140 2029 195 2080 sibi
204 2027 361 2088 ridebatu13
372 2031 402 2075 et
411 2039 574 2092 quamquam
584 2025 671 2090 patris
681 2022 812 2090 regisque
821 2028 940 2088 nomina,

140 2103 310 2162 naturaeque
332 2099 361 2143 et
379 2093 503 2158 gentium
523 2091 638 2142 decreta
655 2092 862 2158 ingererentur,
887 2108 940 2144 non

140 2163 284 2226 abstinuit,
294 2161 360 2229 quin
372 2157 643 2225 insultansl‘lrllippo
657 2159 767 2212 iuberet
776 2160 878 2211 intueri
884 2161 941 2211 Ma·

26 2287 32 2299 Χ
141 2229 263 2282 cadonas
282 2227 426 2296 egregium
441 2226 645 2278 transmittendi
660 2228 689 2278 in
703 2228 794 2279 Asiam
813 2227 880 2278 belli
896 2242 941 2278 au·
1010 2241 1011 2252 ³

37 2306 64 2350 ‘x
141 2298 309 2363 ctorem,qui
320 2311 354 2347 ex
366 2295 441 2346 lecte
449 2294 478 2344 in
489 2294 592 2345 lectum
601 2295 940 2362 transiliensprocidisset.

64 2351 100 2421 Χ
139 2361 165 2413 l.
184 2361 251 2413 lade
263 2364 315 2413 sibi
327 2361 464 2429 matrique
474 2361 553 2413 iuxta
561 2362 672 2425 timens,
683 2363 711 2412 in
722 2363 818 2429 Epiro,
833 2363 877 2414 oui
888 2361 941 2412 fra-

121 2457 129 2477 t
139 2435 184 2480 ter
194 2429 368 2497 Olympiadis
379 2436 515 2498 praeerat,
530 2444 592 2480 eam
604 2430 732 2497 reliquit:
752 2433 813 2497 ipse
829 2431 864 2482 ad
878 2429 941 2498 llly-

134 2497 245 2552 riorum
268 2509 364 2563 regem
385 2496 529 2563 profectus
554 2503 605 2549 est.
650 2497 674 2547 8.
695 2496 799 2549 Postea
840 2511 940 2565 uoque,

136 2571 224 2624 quum
234 2563 450 2617 reconciliatore
460 2564 613 2617 Demarato
625 2563 770 2617 Corinthio
779 2567 808 2617 in
844 2565 941 2617 acedo-

137 2624 214 2678 niae·
225 2632 332 2683 reversi
341 2639 447 2696 essent,
463 2633 616 2700 pervicacis
631 2632 737 2700 ingenii
748 2632 848 2684 mulier
857 2633 941 2684 fllium

139 2695 241 2760 rueme
251 2698 364 2764 ingenio
375 2702 518 2765 potentiae
529 2703 652 2767 anxium,
667 2701 785 2752 incitare
794 2717 850 2752 non
860 2701 942 2752 desti-
1009 2737 1010 2792 p

1009 2813 1010 2851 l

250 2955 318 2976 Α
