2054 3030
138 136 189 187 156
361 133 533 196 QUINTI
561 131 728 184 CURTH

137 235 241 289 evellit.
274 235 314 285 lt.
328 233 467 286 Plurimus
479 233 579 285 deinde
590 233 704 300 sanguis
714 243 828 283 manare
840 237 970 302 coepit;

136 303 263 355 omnibus
274 303 393 364 territis,
414 303 488 370 quia,
504 317 584 369 quam
597 302 653 352 aite
665 307 840 368 penetrasset
851 303 968 368 telum,

133 371 223 422 lorica
244 369 382 433 obstante,
403 387 458 420 non
477 377 677 436 cognoverant.
723 369 793 434 ipse,
815 383 870 418 nec
892 373 965 422 uris

134 439 245 506 quidem
257 437 353 489 colore
365 438 620 503 mutato,suppr·imi
631 439 793 502 sanguinem
806 443 836 486 et
848 435 965 488 vuinus

134 502 253 574 obligari
264 507 356 556 iussit.
393 505 433 556 1⁹.
444 505 500 554 Diu
512 511 576 556 ante
587 505 647 570 ipsa
659 505 748 571 signa,
759 502 804 552 vel
815 503 960 554 dissimu-

133 574 191 624 lato
203 572 247 624 vel
259 575 336 625 victo
349 571 461 634 dolore,
480 572 656 639 perstiterat3
675 586 758 637 quum
775 583 958 636 suppressus

134 641 227 707 pauiio
239 649 303 692 ante
315 641 429 708 sanguis
440 641 654 699 medicamento,
669 651 725 705 quo
736 643 863 688 retentus
876 647 956 700 erat,

133 723 246 759 manare
264 708 348 759 iatius
363 709 469 774 coepit,
481 715 510 758 et
525 707 632 767 vuinus,
652 705 726 773 quod
742 719 842 755 recens
854 704 954 756 adhuc

133 777 260 828 dolorem
280 793 335 826 non
351 781 486 837 moverat,
508 773 631 842 frigente
651 773 786 840 sanguine
802 773 951 824 intumuit.

133 847 173 894 20.
196 843 298 910 Linqui
315 842 416 893 deinde
436 843 538 902 animo,
561 849 590 892 et
603 839 727 891 submitti
743 855 816 907 genu
832 840 950 906 coepit:
1018 869 1019 872 =

133 927 215 978 quern
235 911 353 976 proximi
374 919 519 976 exceptum
541 912 569 960 in
586 917 679 958 castra
696 913 872 973 receperunt.
912 906 951 957 Et

132 980 225 1040 Betis,
236 977 413 1028 interfectum
426 984 513 1040 ratus,
531 976 627 1028 urbem
638 991 724 1026 ovans
735 973 855 1026 victoria
866 987 949 1041 repe-

132 1049 176 1098 tit.
212 1047 253 1094 21.
270 1045 306 1094 nt
323 1044 488 1105 Alexander,
509 1045 629 1095 nondum
650 1052 797 1110 percurato
818 1042 951 1104 vulnere,

133 1126 275 1180 aggerem,
297 1127 352 1176 quo
372 1114 510 1162 moenium
531 1111 706 1162 altitudinem
726 1117 874 1178 aequaret,
899 1123 949 1160 ex·

133 1179 246 1232 struxit:
258 1187 287 1228 et
297 1177 421 1244 piuribus
432 1179 568 1228 cunicuiis
580 1193 674 1228 muros
685 1179 779 1229 subrui
791 1179 884 1228 iussit.
901 1179 947 1228 22.

134 1245 272 1313 Oppidani
285 1245 319 1295 ad
331 1246 476 1312 pristinum
487 1244 631 1312 fastigium
642 1261 782 1296 murorum
790 1261 891 1296 novum
899 1260 949 1296 ex·

133 1320 261 1364 struxere
276 1314 489 1364 munimentum:
511 1315 560 1364 sed
576 1327 610 1364 ne
629 1315 657 1365 id
670 1314 781 1381 quidem
793 1320 886 1363 turres
898 1327 947 1379 ag·

133 1382 194 1448 geri
212 1381 360 1446 impositas
382 1396 503 1448 aethare
525 1388 644 1447 poterut.
689 1384 786 1448 ltaque
806 1381 947 1430 interiora

134 1463 244 1515 quoque
260 1448 336 1499 urbis
351 1447 455 1500 infesta
468 1449 533 1500 telis
548 1455 636 1500 erant.
672 1449 714 1500 23.
736 1449 838 1500 Ultima
857 1449 948 1514 pestis

133 1517 210 1567 urbis
219 1515 282 1577 fuit,
297 1517 426 1568 cuniculo
439 1517 569 1568 subrutus
581 1532 683 1579 neurus,
699 1533 749 1582 per
759 1516 838 1566 cuius
851 1518 948 1566 ruinas

134 1583 224 1634 bostis
241 1585 363 1635 intrarit.
400 1585 530 1636 Ducebat
543 1586 604 1650 ipse
620 1599 670 1635 rex
684 1585 899 1651 antesignanum
920 1587 949 1633 et

134 1653 198 1704 dum
211 1652 349 1704 incautius
369 1653 454 1715 subit,
477 1667 545 1704 saxo
566 1667 630 1702 crus
646 1653 706 1702 eius
722 1651 866 1718 affligitur.
903 1651 947 1699 24.

133 1721 246 1771 innixus
257 1729 348 1771 tamen
360 1721 431 1783 telo,
443 1721 564 1771 nondum
577 1720 677 1786 prioris
688 1719 811 1770 vulneris
823 1719 949 1770 obducta

135 1789 275 1850 cicatrice,
290 1789 364 1840 inter
375 1789 512 1856 primores
529 1788 654 1849 dimicat3
673 1788 836 1854 iraquoque
847 1801 948 1837 uccen-

134 1873 195 1920 sus,
214 1857 289 1924 quod
305 1857 360 1906 duo
371 1857 399 1906 in
411 1856 559 1907 obsidione
571 1855 645 1906 urbis
657 1856 717 1906 eius
727 1861 879 1921 acceperat
890 1853 948 1903 vui·
1018 1875 1019 1914 3

133 1939 209 1976 nera.
247 1924 289 1973 25.
308 1924 409 1983 Betim,
431 1924 547 1990 egregia
566 1923 643 1973 edita
662 1938 768 1989 pugna,
793 1922 948 1989 multisque
1018 1919 1019 1982 i

133 1991 294 2043 vulneribus
316 1990 486 2050 coniectum,
507 1989 689 2041 deseruerant
703 1991 758 2040 sui:
780 2005 831 2040 nec
851 1997 946 2040 tamen

134 2061 248 2128 segnius
260 2057 397 2122 proelium
408 2057 581 2122 capessebat,
594 2057 708 2108 lubricis
717 2058 800 2106 armis
811 2072 865 2107 suo
874 2058 948 2123 pari·
1018 2091 1019 2112 ,

132 2135 177 2178 ter
187 2122 549 2192 atquehostiumsanguine.
571 2124 948 2190 26.Sedcunrundiqueteiis
1018 2121 1019 2136 ¹

186 2192 358 2261 [peteretur,
378 2191 414 2242 ad
430 2198 598 2258 postremum
619 2191 763 2243 exhaustis
782 2193 892 2242 viribus
909 2192 948 2241 vi·

134 2275 184 2310 vus
195 2262 224 2311 in
235 2264 403 2324 potestatem
415 2256 534 2309 hostium
545 2259 698 2327 perrenit3]

134 2322 302 2392 ***quo[od
312 2323 422 2392 regem]
434 2326 564 2389 adducto,
575 2328 708 2378 insolenti
721 2328 824 2394 gaudio
836 2327 949 2377 iuvenis

134 2392 311 2453 elatus,aiias
319 2393 427 2444 virtutis
439 2396 523 2445 etiam
534 2398 560 2446 in
574 2394 654 2446 hoste
665 2396 789 2455 mirator,
797 2407 852 2444 nen
863 2402 896 2444 at
904 2407 951 2444 vo·

133 2458 575 2526 luisti,iuquit,mort'erit,Beti,red
580 2461 709 2528 quidquid
718 2460 950 2512 tornicatorumt'tt

135 2526 951 2596 captivuminveniripotett,parrurumesteteeogita.2i.iiic,

134 2597 327 2648 noninterrito
339 2597 432 2658 modo,
450 2598 499 2646 sed
515 2597 671 2646 contumaci
685 2612 778 2664 quoqu
811 2597 891 2646 vuitu
905 2598 947 2646 in-

134 2671 217 2715 tuens
225 2677 330 2732 regem,
337 2662 440 2714 nuliam
450 2663 486 2713 ad
491 2663 579 2712 urinas
588 2667 648 2713 eius
654 2665 778 2715 reddidit
824 2677 895 2713 conr.
905 2664 949 2714 28.
