2036 3030
447 27 504 84 &J

208 161 666 262 SUPPLEMENfa.L113.1.
695 209 782 263 GAP.
803 213 843 261 ll.
897 211 929 265 3⁹

120 312 167 362 sui
188 316 329 362 auctorem
348 309 485 362 Achillem
502 311 681 376 protulisset,
698 313 848 364 immunem
868 324 931 364 esse

120 379 218 432 lussit:
238 393 355 446 eumque
375 377 490 430 heroem
509 379 696 444 expeditionis
716 381 850 432 adversus
866 379 932 432 Per-

121 461 169 498 sas
191 447 298 497 socium
320 452 402 513 atque
428 447 647 496 comnrilitonem
670 447 776 514 eligere
796 463 827 499 se
852 449 932 501 dixit.

121 517 148 565 7.
166 513 210 565 Ex
219 513 369 565 Thessalia
379 511 585 580 Thermopylas
596 514 685 581 petiit,
697 515 837 581 publicum
846 513 932 566 Grae·

119 583 183 633 ciae
204 581 365 644 concilium3
387 580 533 647 Pylaicum
554 579 705 646 appellant.
741 583 765 632 8.
793 582 837 633 lbi
848 599 932 650 quum

119 649 253 714 frequens
265 663 314 715 per
324 663 375 700 eos
386 649 446 699 dies
458 655 611 698 conventus
627 653 710 707 esset,
730 648 760 698 in
772 649 872 700 locum'
883 666 931 717 pa·

120 717 173 767 tris
190 715 420 783 Amphictyonum
429 716 544 766 decreto
556 731 678 766 summus
690 715 863 767 Graecorum
881 720 932 769 im-

118 788 235 851 perator
246 789 372 846 creatus,
390 782 675 833 Ambraciotisratam
692 797 755 834 esse
773 783 933 836 libertatem

119 852 221 914 iussit,
243 866 324 918 quani
346 864 435 916 nuper
455 850 570 915 expulso
586 849 775 901 Macedonum
790 853 931 916 praesidio

119 925 307 984 receperant:
336 918 409 970 ultro
430 916 605 969 redditurum
623 916 713 968 fuisse
735 919 885 981 dictitans,
904 921 933 970 ui

118 989 218 1054 paucis
229 986 327 1036 diebus
337 985 660 1051 ipsunrantevertissent.
689 986 714 1037 9.
739 985 848 1036 Exinde
860 985 931 1037 'l'hc-

117 1056 164 1105 bis
180 1053 293 1104 admoto
314 1053 448 1116 exercitu,
471 1051 617 1122 fractaque
627 1052 801 1104 Boeotorum
812 1059 841 1104 et
850 1053 931 1104 Athe-

118 1121 261 1171 niensium
272 1122 463 1183 contumacia„
474 1123 520 1187 qui
532 1121 629 1189 populi
639 1121 759 1172 maxime
771 1121 829 1172 suis
841 1123 932 1173 oonsi-

118 1189 168 1240 liis
182 1187 361 1251 obstiterant3
377 1188 449 1255 apud
461 1188 624 1240 Corinthum
635 1188 808 1240 Graecorum
818 1189 931 1256 legatos

120 1269 270 1306 occurrere
281 1256 334 1310 sibi
344 1257 434 1307 iussit.
462 1258 503 1308 10.
521 1256 563 1307 lbi
575 1257 738 1308 confirmato
749 1255 931 1324 Amphictyo·

118 1339 185 1374 num
206 1323 340 1386 decreto,
362 1325 502 1374 communi
522 1326 643 1376 omnium
663 1326 805 1377 sententia
823 1325 851 1375 iu
866 1325 930 1376 Phi-

118 1391 190 1458 lippi
199 1391 287 1456 patris
297 1391 390 1442 locum
400 1392 554 1457 imperator
564 1390 701 1443 Graeciae
721 1391 857 1444 suffectus
877 1399 929 1454 est,
1009 1417 1010 1430 r

26 1495 30 1502 ·
120 1467 149 1510 et
159 1458 302 1510 inbellunr
315 1459 459 1510 Persicum
469 1461 576 1512 auxilia
594 1461 714 1511 decreta.
745 1461 784 1510 ll.
803 1461 890 1510 Forte
900 1461 930 1510 in

119 1527 219 1578 eadem
231 1527 297 1578 urbe
308 1526 455 1594 Diogenes
466 1527 599 1595 degebat,
613 1528 668 1595 qui,
681 1529 787 1594 Cynico
798 1528 928 1578 instituto

119 1601 302 1661 spontaneam
320 1600 512 1660 paupertatem
533 1595 687 1662 amplexus,
707 1595 826 1647 liberum
841 1602 870 1646 et
885 1595 930 1646 sui

116 1662 188 1714 iuris
199 1662 320 1712 animum
333 1662 432 1728 opibus
444 1663 573 1730 curisque
583 1663 763 1728 praetulerat.
794 1665 833 1712 12.
851 1662 929 1728 Apri·

117 1730 235 1782 cabatur
250 1729 299 1779 ille
319 1729 347 1778 in
367 1728 485 1790 Craneo,
507 1728 634 1780 Corinthi
651 1729 796 1791 suburbio,
815 1729 864 1779 ubi
883 1744 929 1778 cu-

116 1811 280 1864 pressorum
299 1795 379 1846 lucus
396 1802 447 1845 est
481 1795 523 1846 Eo
539 1811 621 1862 quum
636 1796 798 1846 Alexander
815 1795 930 1845 videndi

117 1866 179 1915 eius
192 1863 334 1915 desiderio
349 1863 482 1924 venisset,
504 1863 701 1930 optionemque
720 1861 836 1924 faceret,
859 1877 929 1928 quae

118 1933 214 1992 vellet,
233 1932 268 1982 ab
287 1933 350 1998 ipso
370 1930 496 1996 petendi;
516 1945 663 1997 parumper
682 1928 827 1981 discedere
847 1929 930 1980 iussit

115 2013 223 2067 regern,
245 2014 279 2050 ne
294 1999 382 2050 solem
392 1998 584 2064 interciperet.
622 1999 662 2050 13.
692 1997 867 2063 Inopinatum
887 2011 928 2048 re·

118 2083 261 2134 sponsum,
274 2065 478 2133 hominemque,
490 2067 519 2116 in
531 2073 612 2133 quem
624 2067 741 2117 intanta
754 2081 805 2116 sua
815 2063 930 2115 fortuna

117 2149 153 2186 ne
163 2135 292 2186 beneficii
308 2133 418 2200 quidem
432 2135 476 2185 ius
497 2133 622 2197 haberet,
643 2133 795 2185 admiratus
806 2130 926 2182 Macedo

118 2203 225 2256 dixisse
236 2201 332 2261 fertur,
344 2201 501 2268 Diogenem
513 2217 575 2253 esse
585 2201 719 2261 voluisse,
732 2201 761 2250 ni
771 2199 928 2250 Alexander

116 2275 204 2322 esset.
242 2270 282 2320 14.
311 2268 428 2320 Scilicet
445 2270 607 2336 magnitudo
632 2270 726 2329 animi,
747 2268 795 2333 qui
815 2282 850 2318 cx
868 2267 926 2318 alto

117 2339 279 2405 despiceret
290 2336 391 2398 omnia,
404 2351 521 2403 quorum
531 2352 616 2387 causa
627 2334 727 2402 reliqui
740 2335 872 2386 mortales
884 2350 926 2386 se-

116 2407 254 2472 metipsos
268 2403 368 2470 cupide
380 2405 507 2470 perdunt,
520 2420 576 2455 non
585 2405 668 2470 plane
680 2401 796 2454 fallebat
806 2409 926 2454 mentem

117 2473 246 2524 acerrimi
266 2472 388 2532 iuvenis3
408 2471 457 2522 sed
480 2470 633 2522 obcoecata
646 2470 845 2536 cupiditatibus
866 2484 927 2535 per·

115 2540 213 2591 videre
233 2555 287 2591 non
307 2545 427 2605 poterat,
448 2544 551 2605 quanto
565 2539 665 2590 melius
680 2545 756 2589 esset
770 2551 867 2590 carere
883 2551 927 2586 su-

115 2608 264 2674 pervacuis
276 2607 385 2673 opibus,
416 2621 478 2656 uani
490 2605 787 2658 haberenecessarias.
822 2603 862 2653 15.
885 2603 928 2653 Ex

116 2675 315 2742 Peloponneso
326 2622 453 2740 Delphos
472 2673 577 2735 invisit,
596 2673 752 2739 Apollinem
773 2672 807 2722 de
827 2676 927 2720 eventu

116 2743 194 2802 belli,
208 2743 282 2809 quod
291 2742 469 2804 moliebatur,
480 2741 667 2792 consulturus.
706 2740 763 2791 Sed
772 2740 852 2802 virgo
864 2735 927 2785 fati·

935 2966 940 2999 i

951 2901 988 2944 A
