2054 3030
383 48 391 74 l

179 214 494 276 superauctum.
513 189 646 268 mun
666 217 749 270 cnr.
765 217 789 267 s.
859 217 890 268 ss
969 189 981 278 ⁹]

93 333 172 382 quum
187 317 261 368 ultro
277 331 307 368 se
316 319 374 384 peti
385 319 581 384 conspicerent
590 319 624 368 ab
634 319 678 381 iis,
694 334 764 385 quos
775 319 892 386 impara-

91 392 135 434 tos
154 387 316 452 oppressuri
329 391 470 446 venerant,
494 393 575 452 terga
589 391 710 437 vertunt:
731 402 786 437 una
799 393 892 436 tamen
925 413 933 425 ·

91 451 177 515 navis,
188 466 257 518 quae
267 452 371 503 Iassios
382 450 510 514 vehebat,
522 451 695 517 deprebensa
705 461 759 515 est;
781 459 891 504 ceterae

90 519 245 572 velociores
264 519 299 570 ad
317 535 395 570 suam
415 520 533 570 classem
553 518 720 586 effugerunt.-
752 521 796 571 lta
814 520 891 572 nullo

92 599 199 648 eorum,
219 601 290 652 quae
305 572 618 649 intenderantsseffecto,
628 586 727 637 Mileto
739 587 892 639 discessum

91 659 141 703 est.
177 653 201 706 6.
220 654 387 716 Alexander,
408 671 491 720 quum
511 671 589 704 suam
604 654 723 704 classem
739 669 828 721 neque
844 654 892 705 bo·

91 720 149 772 stili
158 735 262 788 parem,
280 728 310 770 et
319 721 354 772 ad
365 721 437 772 alios
448 737 515 771 usus
526 736 725 786 supervacuam
736 721 790 771 sibi
800 736 892 772 cerne·

90 789 281 855 ret,multique
293 794 321 839 et
331 801 431 855 graves
443 788 479 838 ad
490 803 550 838 eam
559 793 665 838 sumtus
675 789 893 852 requirerentur,

91 853 232 907 dimittere
243 871 303 906 eam
314 855 422 916 statuit,
434 855 530 921 paucis
541 857 651 905 nauium
662 856 789 917 retentis,
796 855 893 920 quibus

89 922 124 972 ed
140 923 302 975 obsidiones
317 922 425 972 urbium
437 920 581 973 machinae
594 929 788 990 tormentaque
802 929 893 988 portu·

88 996 194 1042 rentur.
229 991 255 1039 t.
274 989 457 1040 Dissuaserat
474 989 544 1050 illud
561 990 719 1053 Parmenio,
737 995 894 1042 monuerat-

90 1070 154 1122 que,
168 1063 201 1108 ut
211 1055 303 1106 navali
312 1056 421 1121 proelio
432 1058 655 1110 contenderetur.
692 1057 893 1110 Macedonibus

90 1124 165 1174 enim
171 1123 326 1174 victoribus
336 1138 464 1191 magnum
474 1125 508 1176 ad
519 1132 614 1177 cetera
624 1128 839 1178 emolumentum
850 1139 894 1174 ac·

90 1205 235 1242 cessuram
249 1205 323 1241 esse:
343 1198 371 1242 at
385 1193 475 1243 victos
487 1191 558 1244 nihil
567 1209 634 1244 sane
645 1195 812 1256 amissuros,
831 1206 894 1242 nam

88 1257 236 1325 imperium
245 1259 329 1309 maris
339 1261 393 1310 iam
405 1265 462 1310 tum
474 1275 536 1312 esse
547 1276 633 1327 penes
644 1261 759 1325 Persas3
771 1268 800 1312 et
807 1261 894 1311 litora

89 1323 174 1376 facile
183 1331 334 1394 tutaturos,
354 1327 401 1393 qui
410 1328 587 1394 pedestribus
598 1331 687 1396 copiis
698 1330 759 1397 plus
769 1334 893 1396 possent.

91 1392 114 1442 8.
136 1393 254 1460 Quoque
275 1394 444 1460 expeditius,
465 1395 540 1461 quod
561 1397 722 1459 videbatur,
746 1397 893 1456 obtineret,

90 1461 177 1524 idem,
199 1461 246 1527 qui
256 1461 403 1513 consilium
415 1462 544 1525 dederat,
562 1466 677 1532 exsequi
689 1465 759 1517 illud
769 1469 894 1530 paratum

94 1529 267 1589 ostendebat,
279 1531 494 1596 conscensisque
505 1530 631 1593 naribus,
647 1547 729 1600 quam
738 1546 788 1582 rex
798 1529 895 1581 iussis-

93 1600 142 1657 set,
162 1596 333 1647 discriminis
356 1604 464 1662 partem
482 1613 639 1664 capessere.
676 1598 897 1650 Confimiabatur

94 1658 174 1714 ctiam
190 1663 324 1730 augurio,
360 1663 417 1714 uod
427 1666 617 1729 superioribus
628 1666 726 1717 diebus
737 1683 753 1716 a
762 1673 843 1732 tergo
854 1677 898 1712 re·

93 1729 154 1792 giae
170 1730 271 1781 classis
289 1679 383 1796 aqulla
399 1732 429 1779 in
442 1731 526 1781 litore
541 1733 698 1782 consistens
714 1733 897 1798 apparuisset.

93 1793 117 1846 a.
144 1795 249 1849 Contra
274 1797 434 1848 Alexander
444 1796 512 1865 falli
531 1796 735 1848 Parmenionem
756 1811 898 1848 assevere-

93 1859 151 1925 bat,
172 1863 221 1944 pei
232 1879 334 1931 pouces
345 1879 455 1916 suorum
465 1864 544 1916 nunes
554 1873 646 1915 tantae
656 1863 772 1916 bornum
781 1861 898 1915 multitu-

95 1927 157 1992 dini,
167 1931 359 2012 rmperitorpne
369 1931 483 2000 remiges
497 1933 611 1984 strodes
624 1931 784 1994 cluuiarios,
801 1928 899 2009 exerei-

95 1997 231 2050 tutr‘en'mc's
242 1999 401 2060 bominibus,
416 1999 508 2067 reique
517 2001 642 2054 nureticae
646 1998 825 2068 peritissimis,
833 1996 899 2049 obei-

97 2061 200 2117 ciendos
221 2066 336 2119 duceret.
372 2069 413 2118 lo.
431 2066 466 2118 Se
486 2067 590 2134 quidem
609 2069 704 2121 virtuti
719 2083 829 2120 snorum
847 2079 901 2114 noo

97 2128 232 2208 diffidere,
248 2143 365 2186 ceterum
374 2125 452 2196 e'cr're,
472 2134 583 2186 illumin
594 2137 731 2188 novalibus
736 2133 838 2203 pugnis
852 2131 900 2182 mi·

97 2211 195 2251 nemum
205 2201 332 2270 conferre
343 2202 379 2256 od
386 2201 536 2254 uictoriam.
573 2202 659 2256 Multo
671 2205 741 2256 enim
749 2203 831 2270 plura
839 2216 899 2251 ren·

97 2271 185 2318 torum
186 2266 374 2348 fluctuumque
384 2269 505 2321 ludibriis
510 2271 645 2336 permitti,
661 2287 729 2340 quoe
736 2269 900 2338 gubernato-1

98 2346 156 2382 rum
171 2343 252 2402 atque
266 2352 397 2403 remigum
405 2337 509 2403 peritia
522 2337 629 2401 citaret,
651 2347 702 2390 ont
712 2338 766 2398 eois
778 2337 901 2404 portibus

99 2410 250 2465 opportuno
268 2402 411 2470 redigeret.
458 2406 498 2454 ll.
529 2403 586 2457 Nee
607 2406 636 2456 in
657 2405 776 2474 ipsarum
795 2405 902 2456 nuvium

99 2469 298 2522 constitutione
311 2470 381 2521 nibil
394 2478 551 2539 autpertum
562 2472 658 2524 ritum:
672 2473 713 2525 itu
727 2472 901 2526 Macedonum

100 2542 211 2588 conatur
220 2537 377 2608 oanoesore,
385 2555 513 2606 quumeoe
525 2539 635 2592 barbari
643 2540 748 2608 impune
758 2549 807 2592 aut
816 2539 902 2591 elude·

100 2614 137 2663 re,
148 2604 293 2667 autetiam,
304 2605 329 2655 si
338 2621 413 2657 casce
423 2605 542 2669 duremur,
555 2607 701 2674 opprimere
708 2609 829 2677 possenti
860 2607 901 2654 12.

101 2663 193 2746 Neque
202 2687 263 2725 vero
275 2671 401 2740 exiguum
411 2672 441 2724 id
449 2673 776 2747 detrimentumfutcrum.
805 2669 904 2723 rotam

102 2731 194 2787 dream
210 2747 377 2791 crrecturem
396 2739 508 2806 animos,
529 2741 554 2793 εἰ
564 2742 634 2795 inter
646 2744 726 2796 initia
742 2741 802 2795 belli
819 2737 904 2791 etates

945 2896 984 2944 Δ
1000 2887 1002 2944 l
