2054 3030
316 119 319 122 ’
353 136 748 196 cranemerae.
902 143 950 193 115
982 131 987 136 “

144 246 230 291 ventu
240 254 352 290 suorum
363 239 476 308 fugatos
486 256 548 294 esse
560 242 800 309 cognovit,urbem
812 255 828 292 a
839 255 871 294 se
884 257 948 294 con·

145 313 285 358 servatam
293 310 387 358 intrat

195 373 231 425 V.
248 373 368 424 Mediam
380 375 493 442 Cydnus
504 376 601 436 amnis,
618 376 652 425 de
665 391 718 442 quo
729 378 822 442 paullo
834 385 898 428 ante
909 378 949 428 di-

145 452 220 492 ctum
231 447 282 503 est,
294 441 441 507 interfluit3
462 449 491 492 et
504 449 571 493 tunc
585 449 678 492 aestas
694 451 761 504 erat,
781 446 859 496 cuius
870 446 949 496 calor

141 524 200 560 non
212 509 292 559 aliam
303 513 390 576 magis
401 525 482 576 quam
495 510 612 560 Ciliciae
624 524 700 561 oram
710 525 811 576 vapore
824 512 892 564 solis
903 529 947 564 ac-

144 576 250 641 cendit:
271 583 301 626 et
314 577 371 627 diei
384 577 601 629 fervidissimum
617 584 726 642 tempus
747 586 885 644 coeperat.
920 583 946 629 2.

142 644 263 696 Pulvere
283 659 316 694 ac
329 645 432 696 sudore
448 645 532 694 simul
545 643 687 710 perfusum
708 658 802 710 regem
820 647 948 705 invitavit

139 711 235 779 liquor
247 710 377 773 fluminis,
395 717 428 764 ut
446 711 565 762 calidum
586 711 677 762 adhuc
692 725 793 777 corpus
812 712 944 764 ablueret.

139 779 239 847 ltaque
253 785 331 830 veste
347 779 489 844 deposita,
510 781 539 828 in
555 784 708 844 conspectu
721 779 839 846 agminis
852 779 946 840 (deco-
1025 785 1026 788 ’

139 862 202 896 ιιιιιι
214 860 324 914 quoque
336 845 459 895 futurum
468 850 560 906 ratus,
581 848 606 896 si
617 845 789 897 ostendisset
799 847 857 896 suis
864 883 872 908 ,
890 847 946 897 levi

141 930 175 965 ac
199 913 319 981 parabili
340 912 417 962 cultu
435 912 562 978 corporis
576 927 606 964 se
622 927 684 964 esse
701 915 883 976 contentum)
900 913 946 964 de-

138 981 252 1032 scendit
261 982 288 1029 in
302 978 416 1041 flumen3
445 980 469 1030 3.
481 981 582 1047 vixque
593 981 715 1048 ingressi
725 981 817 1030 subito
829 979 946 1032 horrore

138 1055 220 1098 artus
230 1049 323 1112 rigere
335 1054 496 1112 coeperunt:
507 1047 598 1112 pallor
609 1048 708 1099 deinde
719 1047 842 1098 suffusus
854 1054 907 1110 est,
919 1055 948 1101 et

136 1121 232 1166 totum
248 1113 445 1179 propemodum
460 1129 560 1181 corpus
573 1116 665 1166 vitalis
676 1116 754 1167 calor
767 1116 892 1183 reliquit.
919 1117 944 1164 4.

135 1181 303 1247 Exspiranti
314 1181 431 1232 similem
443 1183 560 1234 ministri
573 1198 654 1234 manu
666 1184 820 1249 excipiunt,
837 1199 889 1234 nec
903 1200 946 1234 sa·
1025 1225 1026 1230 ,

135 1252 178 1302 tis
189 1256 345 1314 compotem
358 1250 458 1300 mentis
471 1252 500 1301 in
514 1252 722 1302 tabernaculum
732 1250 868 1302 deferunt.
903 1251 945 1301 ln-

137 1333 210 1434 }ens
221 1316 392 1379 sollicitudo,
404 1323 432 1370 et
441 1333 529 1384 paene
539 1321 595 1369 lam
606 1319 708 1380 luctus,
724 1319 862 1370 incastris
875 1326 943 1369 erat.

160 1424 166 1435 .
177 1385 290 1435 Flentes
303 1385 497 1452 querebantur,
508 1387 536 1436 in
548 1392 627 1437 tanto
637 1388 744 1452 impetu
753 1400 891 1453 cursuque
901 1400 945 1435 re·

137 1468 214 1514 rum,
234 1454 322 1503 omnis
339 1454 438 1504 aetatis
450 1468 483 1504 ac
491 1457 643 1504 memoriae
654 1452 837 1503 clarissimum
848 1467 944 1521 regem

136 1535 196 1576 nnn
216 1521 245 1570 in
266 1521 326 1570 acie
347 1520 457 1582 saltem,
481 1535 537 1571 non
561 1521 595 1571 ab
617 1519 698 1571 hoste
718 1520 869 1582 deiectum,
894 1521 943 1570 sed

83 1636 88 1643 ,
137 1587 299 1642 abluentem
313 1601 385 1653 aqua
395 1601 508 1652 eorpus,
523 1594 646 1653 ereptum
661 1602 723 1640 esse
740 1593 768 1638 et
783 1589 943 1639 extinctum.

136 1654 166 1704 6.
195 1654 301 1704 Instare
324 1653 453 1715 Darium,
485 1654 633 1716 victorem,
661 1660 809 1721 antequam
826 1655 945 1708 vidisset

137 1721 258 1772 bostem.
286 1720 344 1772 Sibi
356 1720 467 1770 easdem
479 1726 580 1782 terras,
590 1735 657 1787 quas
666 1722 788 1771 victores
799 1732 945 1786 peragras·

136 1794 212 1851 sent,
222 1787 402 1854 repetendas:
426 1786 520 1837 omnia
529 1793 577 1836 aut
587 1788 673 1852 ipsos,
690 1792 738 1836 aut
754 1785 849 1836 hostes
860 1800 944 1852 popu-

136 1857 225 1907 latos:
244 1870 295 1922 per
307 1861 400 1906 vastas
415 1853 596 1916 solitudines,
617 1853 726 1906 etiamsi
739 1868 820 1903 nemo
834 1853 943 1918 insequi

135 1923 216 1985 velit,
228 1928 339 1985 euntes,
359 1920 433 1972 fame
443 1927 527 1988 atque
538 1921 634 1989 inopia
644 1921 780 1972 debellari
788 1935 882 1988 posse.
918 1922 942 1968 Ἰ.

136 1991 228 2052 Quem
249 1991 358 2057 signum
371 1988 499 2040 daturum
512 1988 700 2058 fugientibusl
719 2004 799 2054 quem
813 2003 943 2038 ausurum

133 2058 296 2111 Alexandro
308 2057 474 2108 succederet
492 2057 548 2108 lam
565 2063 596 2108 ut
606 2058 640 2108 ad
652 2057 867 2122 Hellespontum
876 2055 944 2122 iuga
1025 2123 1026 2126 Ἴ

134 2131 325 2195 penetrarent,
338 2126 465 2187 classem,
477 2141 531 2191 qua
541 2131 692 2188 transeant,
707 2138 788 2189 quem
799 2137 942 2190 praepara·

133 2192 245 2246 turuml
288 2191 313 2242 8.
343 2193 448 2243 Rursus
466 2192 496 2242 in
518 2193 607 2258 ipsum
630 2207 725 2260 regem
748 2191 943 2241 misericordia

135 2276 230 2323 versa,
246 2260 324 2312 illum
339 2259 436 2310 liorem
450 2261 588 2321 iuventae,
609 2261 684 2310 illam
698 2259 754 2308 vim
770 2258 862 2319 animi,
878 2273 942 2309 eun-

134 2331 203 2381 dem
220 2343 316 2396 regem
336 2333 364 2380 et
379 2327 595 2379 commilitonem
615 2326 710 2377 divelli
724 2340 741 2374 a
755 2339 785 2374 se
800 2331 829 2376 et
843 2327 941 2392 abripi,

132 2401 313 2448 immemores
325 2397 369 2447 sui
379 2396 574 2463 querebantur.
609 2393 633 2444 9.
653 2394 728 2444 luter
743 2390 811 2444 haec
827 2393 942 2445 liberius

132 2478 232 2517 meare
253 2465 366 2531 spiritus
386 2469 532 2530 coeperat:
557 2463 695 2513 allevabat
712 2475 763 2511 rex
783 2461 893 2524 oculos,
915 2467 944 2510 et

132 2532 280 2602 paullatim
286 2531 422 2583 redeunte
428 2531 519 2582 animo
528 2531 846 2582 circumstantesamicos
858 2542 942 2593 agno-

130 2606 229 2654 verat:
249 2600 398 2666 laxataque
413 2601 456 2650 vis
470 2598 560 2649 morbi
575 2597 610 2648 ad
624 2596 677 2648 boo
687 2598 776 2648 solum
787 2595 943 2647 videbatur.

130 2668 204 2738 quia
213 2667 433 2734 magnitudinem
443 2667 506 2717 mali
519 2665 665 2716 sentiebat.
683 2667 743 2782 Hip
757 2663 885 2714 Animum
897 2674 943 2709 au-
