2098 3040
17 2933 21 3011 l

343 224 777 277 brentemaris.
860 278 863 281 ,
913 225 963 276 tol

161 328 196 379 de
207 325 333 388 morbus,
351 328 421 378 adso
437 339 533 378 omnes
544 327 619 378 vires
628 327 702 377 intra
710 334 820 378 sentum
831 326 905 380 diem
916 341 962 378 ex-

160 393 265 455 hausit,
285 399 364 444 utne
380 395 458 446 uocis
475 394 586 462 quidem
596 401 722 460 potestas
733 401 815 446 esset.
853 395 964 446 Interea

158 461 275 523 milites,
288 460 477 512 sollicitudine
489 461 687 526 desiderioque
697 460 758 511 eius
769 464 852 523 anxii,
869 477 962 530 quam-

159 544 242 594 quam
261 527 464 580 obtestantibus
485 528 613 590 ducibus,
631 543 666 578 ne
682 527 867 580 valetudinem
883 530 961 596 regis

159 601 316 658 onerarent,
338 603 543 663 expresserunt,
564 597 637 648 utin
651 600 830 662 conspectum
844 599 903 647 eius
913 597 961 646 ad·

157 661 358 731 mitterentur]

206 729 241 782 V.
258 728 433 782 Intuentibus
448 729 580 782 lacrimae
597 730 714 781 obortae
730 729 884 796 praebuere
900 745 960 794 spe-

156 799 227 850 ciem
236 797 292 848 iam
304 811 359 848 non
369 809 477 863 regern,
488 797 539 847 sed
547 795 631 848 funus
642 797 716 859 eius,
725 796 843 847 uisentis
855 798 960 848 exerci-

155 873 210 915 tus.
245 867 270 916 2.
290 865 407 914 Moeror
419 870 513 914 tamen
527 864 765 916 circumstantium
781 864 883 915 lectum
895 865 960 913 emi-

154 933 251 983 nebatr
274 939 345 998 quos
355 937 386 982 ut
396 943 447 982 rex
458 931 594 999 adspexit,
606 930 758 994 Invenietis,
769 931 869 998 inquit,
880 945 960 996 pacm

155 1013 300 1060 accesere,
312 997 422 1065 dignum
432 991 529 1050 tulitin
538 998 602 1050 einis
612 999 721 1067 regem?
755 999 779 1049 3.
792 997 958 1049 Incredibile

154 1065 232 1116 diem
241 1065 402 1130 audituque,
421 1067 450 1116 in
461 1066 561 1118 eodem
570 1065 668 1118 babitu
678 1067 814 1132 corporis,
836 1067 865 1116 in
876 1080 959 1132 quem

154 1145 185 1183 se
197 1139 500 1200 composueranouum
512 1134 684 1186 admissurus
694 1134 798 1185 milites
810 1140 900 1194 essct,
910 1131 957 1183 du-

153 1215 242 1263 rasse,
251 1199 342 1250 donec
352 1213 369 1252 a
378 1206 440 1252 toto
452 1203 578 1254 exercitu
587 1201 658 1253 illud
667 1199 793 1252 ultimum
804 1200 957 1269 persaluta-

152 1273 264 1319 tricast:
276 1267 446 1336 dimissoque
457 1269 551 1338 vulgo,
562 1269 639 1322 velut
648 1270 723 1321 omni
733 1271 806 1320 vitae
818 1268 913 1320 debito
925 1267 957 1318 li·

151 1334 273 1396 beratus,
284 1333 403 1402 fatigata
412 1337 535 1388 membra
544 1337 651 1389 reiecit.
664 1399 666 1404 Ι
687 1338 712 1388 4.
724 1336 899 1406 Propiusque
910 1335 957 1387 ad·

151 1403 193 1452 ire
203 1402 287 1452 iussis
297 1403 404 1464 amicis,
411 1405 486 1464 (nam
497 1411 526 1456 et
537 1421 591 1457 vox
599 1405 721 1456 delicere
731 1407 787 1456 iarn
797 1404 957 1474 coeperat3)

153 1470 309 1519 detractum
322 1469 452 1520 annulum
466 1471 555 1538 digito
567 1472 719 1524 Perdiccae
733 1473 861 1532 tradidit,
882 1472 958 1522 adie·

154 1536 207 1585 ctis
217 1534 369 1596 mandatis,
388 1541 420 1585 ut
433 1550 534 1603 corpus
549 1553 629 1588 suurn
643 1538 678 1588 ad
687 1538 871 1588 Hammonem
888 1538 958 1588 ferri

152 1601 290 1654 iuberent.
326 1601 350 1650 5.
372 1601 576 1662 Quaerentibus
595 1601 650 1666 his,
668 1604 714 1654 cui
726 1604 898 1670 relinqueret
914 1618 957 1654 re-

153 1668 254 1736 gnumt
273 1668 426 1738 respondit,
446 1669 481 1730 ei,
503 1670 550 1737 qui
570 1676 645 1720 esset
661 1671 790 1736 optimus.
827 1671 958 1722 Ceterum

152 1735 302 1804 providere
312 1735 380 1796 iam,
405 1735 439 1786 ob
454 1736 484 1787 id
494 1743 634 1788 certamen
645 1752 762 1804 magnos
773 1737 906 1788 funebres
916 1737 957 1787 lu·

153 1803 206 1855 dos
221 1803 315 1869 parari
329 1802 392 1852 sibi.
427 1801 452 1854 d.
470 1803 588 1866 Rursus,
605 1803 741 1855 Perdicca
754 1805 956 1872 interrogante,

154 1871 264 1938 quando
276 1868 417 1940 coelestes
429 1868 552 1922 honores
567 1869 664 1921 haberi
680 1870 734 1922 sibi
754 1869 856 1923 vellet?
876 1873 955 1932 dixit,

151 1946 211 1989 tam
224 1937 309 1999 velle,
329 1951 410 2004 quum
426 1938 479 2004 ipsi
493 1938 591 1989 felices
603 1943 706 1990 essent.
742 1938 877 2005 Suprema
887 1937 956 1990 baec

153 2013 209 2056 ron
227 2003 281 2055 fuit
299 2007 385 2072 regis,
404 2011 434 2056 et
452 2005 547 2073 paullo
562 2013 627 2072 post
642 2007 851 2074 exstinguitur,
873 2009 897 2055 7.
916 2008 956 2057 Ac

149 2072 241 2142 primo
260 2070 371 2138 ploratu
390 2072 572 2140 lamentisque
587 2080 616 2126 et
626 2074 783 2142 planctibus
796 2079 858 2124 tota
877 2074 956 2140 regia

150 2137 332 2208 personabat:
354 2153 427 2201 mox,
448 2142 567 2192 velutin
581 2147 661 2193 vasta
674 2141 841 2205 solitudine,
862 2145 956 2192 omnia

150 2207 228 2258 tristi
238 2205 351 2256 silentio
363 2211 439 2258 muta
449 2209 608 2277 torpebant,
621 2210 657 2260 ad
668 2209 870 2276 cogitationes,
888 2209 954 2276 quid

152 2274 253 2326 deinde
264 2271 387 2325 futurum
398 2280 482 2338 esset,
502 2275 600 2327 dolore
612 2290 757 2328 converso.
793 2275 817 2326 8.
836 2275 954 2330 Nobiles

151 2342 239 2408 pueri,
261 2339 407 2392 custodiae
424 2344 551 2410 corporis
566 2345 627 2396 eius
642 2343 761 2406 assueti,
779 2360 831 2398 nec
846 2345 954 2397 doloris

151 2409 494 2524 mapnitudinemcapere,
516 2411 954 2478 neoseipsosintrarestibulum

151 2487 203 2542 reg
215 2489 247 2526 aa
258 2483 355 2528 tenero
363 2482 526 2544 potuerunt:
543 2479 661 2546 vagique
672 2484 701 2530 at
711 2478 868 2534 furentibus
880 2480 954 2530 simi-

151 2543 193 2594 les
203 2548 292 2594 totam
301 2544 396 2596 urbem
407 2546 483 2596 luctu
492 2561 526 2597 ac
535 2561 664 2598 moerore
674 2548 890 2616 compleverant,
895 2547 954 2599 nul·

149 2611 186 2662 lis
198 2611 341 2677 questibus
352 2615 476 2676 omissis,
496 2629 567 2682 quos
578 2614 608 2666 in
625 2614 675 2666 tali
685 2629 752 2668 casu
761 2616 844 2666 dolor
854 2629 954 2683 sugge-

149 2680 196 2730 rit
231 2677 255 2729 ⁹.
274 2679 350 2746 Ergo
361 2682 408 2747 qui
419 2686 499 2734 extra
508 2683 615 2751 regiam
626 2683 800 2746 adstiterunt,
821 2681 952 2735 Macedo-

151 2760 201 2796 nes
203 2746 316 2864 cpruiter
325 2746 492 2817 barbarique
503 2758 679 2817 concurrunt,
685 2761 737 2802 nec
747 2757 876 2819 poterant
889 2751 952 2804 victi

231 2826 366 2866 unrrus.
704 2821 745 2872 cc
