2048 3034
351 215 500 266 LIBER
525 218 559 268 V.
588 219 684 269 GAP.
717 223 739 270 l.
894 217 942 272 193

80 321 84 327 ’
138 320 212 370 lines
222 320 251 370 iu
267 319 389 369 Rubrum
404 315 481 370 mare
501 328 689 385 prorumpunt.
725 320 942 372 lanternarum

139 387 250 452 quartis
260 386 358 437 castfis
370 386 404 437 ad
414 387 537 438 Mennim
548 387 644 436 urbem
653 389 788 452 pervenit.
816 387 942 438 Caverna

138 453 180 505 ibi
191 458 241 514 est,
262 467 296 504 ex
306 469 360 533 qua
368 453 432 503 lons
443 454 585 520 ingentem
595 453 650 502 vim
661 453 803 504 bituminis
813 453 940 518 effundit,

141 520 222 582 adeo,
233 528 263 571 ut
273 528 340 572 satis
351 527 470 582 constet,
490 520 664 587 Babylonios
674 535 769 570 muros
778 522 900 586 ingentis
912 537 941 572 o-

142 589 215 654 peris
227 586 307 638 huius
316 587 404 639 fontis
413 588 548 638 bitumine
556 587 699 637 interlitos
709 601 781 636 esse.
809 590 848 639 17.
861 589 941 639 Cete-

140 671 200 705 rum
209 654 381 722 Babylonem
392 655 556 720 procedenti
566 653 724 704 Alexandro
735 653 877 714 Mazaeus,
894 656 942 722 qul

141 737 176 774 ex
186 723 245 773 acie
255 724 285 772 in
296 737 358 774 eam
367 723 463 771 urbem
474 721 649 787 confugerat,
660 736 721 770 cum
732 720 834 771 adultis
844 721 941 773 liberis

139 788 257 855 supplex
268 790 398 848 occurrit,
418 787 515 837 urbem
535 802 620 854 seque
632 788 746 838 dedens.
784 787 884 838 Gratus
896 790 941 839 ad·

138 864 237 907 ventus
249 857 309 906 eius
320 853 374 904 fuit
383 855 458 920 regi3
478 855 578 920 quippe
597 855 691 920 magni
703 855 797 921 operis
811 853 905 904 futura
916 871 941 906 e-

138 930 183 974 rat
194 923 305 974 obsidio
317 926 373 972 tam
382 921 505 971 munitae
517 922 602 973 urbis.
639 923 678 972 18.
697 922 738 972 Ad
749 920 803 972 boc
821 922 863 971 vir
879 922 941 972 illu·

138 991 216 1051 stris,
237 995 266 1040 et
283 1003 367 1038 manu
386 993 538 1054 promptus,
558 987 688 1056 famaque
709 991 792 1040 etiam
813 989 941 1054 proximo

137 1055 250 1123 proelio
262 1054 390 1118 celebris,
412 1060 440 1105 et
450 1063 560 1108 ceteros
572 1056 607 1106 ad
618 1057 799 1120 deditionem,
820 1057 864 1106 sui
873 1057 942 1106 inci-

137 1129 247 1174 taturus
259 1122 385 1188 exemplo
396 1123 550 1174 videbatur.
587 1125 627 1175 lt.
646 1125 734 1192 Igitur
747 1123 819 1174 hunc
830 1123 941 1190 quidem

135 1189 259 1256 benigne
270 1205 331 1241 cum
340 1189 436 1240 liberis
448 1193 563 1257 excipit:
576 1200 698 1243 ceterum
709 1193 844 1259 quadrato
856 1191 941 1258 agmi-

137 1272 184 1319 ne,
201 1257 275 1322 quod
284 1258 344 1322 ipse
355 1257 482 1322 ducebat,
502 1260 579 1310 velut
588 1260 616 1310 in
628 1261 716 1311 aciem
725 1261 808 1322 irent,
829 1258 941 1326 ingredi
959 1273 962 1279 ¹

136 1341 205 1378 suos
216 1325 302 1376 iubet.
336 1325 441 1392 Magna
453 1341 517 1393 pars
536 1327 755 1394 Babyloniorum
776 1329 942 1378 constiterat

137 1395 167 1444 in
181 1393 277 1453 muris,
297 1393 379 1443 avida
397 1395 586 1460 cognoscendi
603 1411 702 1446 novum
718 1410 826 1462 regem:
845 1395 940 1461 plures

118 1461 248 1512 ‘obviam
268 1461 376 1526 egressi
386 1469 457 1511 sunt.
501 1464 543 1511 2⁰.
561 1463 637 1513 luter
655 1477 725 1528 quos
743 1461 940 1528 Bagophanes,

139 1527 211 1578 arcis
223 1534 251 1578 et
260 1529 356 1594 regiae
366 1528 502 1594 pecuniae
515 1535 620 1589 custos,
639 1545 674 1581 ne
691 1531 783 1580 studio
796 1530 939 1580 aMazaeo

138 1598 306 1656 vinceretur,
327 1600 415 1645 totum
436 1595 490 1644 iter
501 1593 618 1646 floribus
635 1597 803 1662 coronisque
815 1602 941 1645 constra-

138 1669 230 1723 verat;
250 1661 393 1728 argenteis
404 1661 538 1712 altaribus
548 1672 667 1728 utroque
678 1663 765 1712 latere
785 1662 941 1727 dispositis,

138 1743 210 1796 quae
220 1743 277 1780 nou
284 1727 367 1778 thure
377 1727 527 1788 modo,sed
538 1729 665 1778 omnibus
676 1729 809 1779 odoribus
820 1729 941 1778 curnula·

138 1802 226 1847 verat.
263 1797 305 1846 21.
324 1794 407 1845 Dona
417 1810 479 1845 eum
490 1795 685 1862 sequebantur,
697 1809 798 1862 greges
810 1809 942 1860 pecorum

138 1877 341 1932 equorumque3
352 1861 449 1912 leones
462 1877 572 1930 quoque
583 1869 611 1914 et
620 1862 749 1929 pardales
759 1862 852 1912 caveis
864 1876 941 1926 prae·

136 1931 309 1982 ferebantur.
337 1931 379 1980 22.
390 1929 467 1997 Magi
480 1929 591 1994 deinde,
602 1945 652 1980 suo
663 1945 741 1980 more
756 1929 875 1996 patrium
884 1942 942 1978 car·

136 2013 203 2050 men
214 2003 360 2062 canentes3
387 2003 452 2065 post
470 1995 522 2048 lros
543 1997 690 2059 Chaldaei,
710 1997 942 2064 Babyloniorum-

138 2080 193 2133 que
204 2081 260 2116 non
269 2071 348 2116 rates
358 2065 452 2126 modo,
473 2066 523 2117 sed
543 2067 627 2116 etiam
636 2066 758 2116 artifices
770 2080 830 2114 cunr
842 2064 942 2114 {idibus

136 2135 181 2184 sui
217 2133 309 2184 eneris
327 2132 412 2184 ibant.
448 2133 560 2184 Laudes
578 2135 598 2183 ii
618 2149 715 2201 regum
735 2146 836 2182 canere
855 2131 942 2194 soliti,

138 2147 274 2251 Chaldaei
284 2200 405 2251 siderum
415 2207 508 2251 motus
520 2207 548 2251 et
557 2208 643 2252 statas
662 2208 819 2267 temporum
829 2200 903 2250 vices
915 2213 943 2249 o-

138 2267 280 2319 stendere.
315 2267 357 2318 23.
376 2267 492 2334 Equites
503 2268 604 2318 deinde
614 2267 778 2334 Babylonii,
798 2282 848 2318 suo
860 2274 942 2334 atque

141 2350 277 2400 equorum
289 2334 374 2396 cultu,
399 2334 434 2385 ad
445 2335 582 2386 luxuriam
594 2338 683 2402 magis
701 2349 782 2400 quam
794 2334 828 2384 ad
839 2336 943 2402 magni-

139 2401 282 2452 ficentiam
293 2408 403 2464 exacto,
422 2403 511 2453 ultimi
523 2402 609 2452 ibant.
646 2403 714 2463 Rex,
735 2404 848 2452 armatis
860 2405 943 2468 stipa·

138 2478 196 2528 tus,
216 2468 416 2536 oppidanorum
434 2470 543 2520 turbam
560 2476 624 2536 post
644 2470 757 2520 ultimos
776 2471 885 2536 pedites
901 2472 943 2518 ire

139 2535 239 2587 iussit:
258 2538 319 2654 ipse
331 2553 391 2588 cum
402 2535 485 2587 cur'ru
495 2539 600 2598 urbem,
613 2551 645 2588 ac
656 2537 756 2588 deiude
766 2539 882 2605 regiam,
903 2537 943 2585 in-

136 2609 285 2740 preaclld'iam
295 2673 469 2738 recognovit.
497 2674 539 2723 24.
560 2675 690 2724 Ceterum
699 2675 788 2738 ipsius
800 2671 875 2722 urbis
885 2669 945 2735 pul·

135 2737 479 2858 ehrhtqqupqsvetustas,
501 2757 558 2792 uon
576 2741 652 2808 regis
673 2741 768 2859 mogo,
788 2739 838 2791 sed
860 2739 944 2788 etiam

296 2612 390 2655 osteru
402 2605 447 2656 die
464 2604 665 2671 supellectilem
681 2605 768 2667 Darii,
787 2613 815 2656 et
835 2617 945 2655 omnem
