<?xml version="1.0" encoding="UTF-8"?>
<!DOCTYPE html PUBLIC "-//W3C//DTD XHTML 1.0 Transitional//EN"
    "http://www.w3.org/TR/xhtml1/DTD/xhtml1-transitional.dtd">
<html xmlns="http://www.w3.org/1999/xhtml" xml:lang="en" lang="en">
 <head>
  <title>
</title>
<meta http-equiv="Content-Type" content="text/html;charset=utf-8" />
  <meta name='ocr-system' content='tesseract 3.04.00' />
  <meta name='ocr-capabilities' content='ocr_page ocr_carea ocr_par ocr_line ocrx_word'/>
</head>
<body>
  <div class='ocr_page' id='page_1' title='image "./qcurtiirufidere00johagoog_0080.png"; bbox 0 0 2036 3030; ppageno 0'>
   <div class='ocr_carea' id='block_1_1' title="bbox 109 155 724 286">
    <p class='ocr_par' dir='ltr' id='par_1_1' title="bbox 109 155 724 286">
     <span class='ocr_line' id='line_1_1' title="bbox 109 155 724 286; baseline -0.007 -48"><span class='ocrx_word' id='word_1_1' title='bbox 109 187 143 238; x_wconf 84' lang='lat' dir='ltr'><strong>oa</strong></span> <span class='ocrx_word' id='word_1_2' title='bbox 294 159 429 236; x_wconf 67' lang='lat' dir='ltr'><strong>rodun.</strong></span> <span class='ocrx_word' id='word_1_3' title='bbox 448 155 543 286; x_wconf 39' lang='lat' dir='ltr'><strong>epple</strong></span> <span class='ocrx_word' id='word_1_4' title='bbox 579 183 724 236; x_wconf 82' lang='lat' dir='ltr'><strong>suumn</strong></span> 
     </span>
    </p>
   </div>
   <div class='ocr_carea' id='block_1_2' title="bbox 105 245 918 1498">
    <p class='ocr_par' dir='ltr' id='par_1_2' title="bbox 105 245 918 1498">
     <span class='ocr_line' id='line_1_2' title="bbox 111 245 917 361; baseline -0.001 -23"><span class='ocrx_word' id='word_1_5' title='bbox 111 295 243 339; x_wconf 88' lang='lat' dir='ltr'><strong>venerata</strong></span> <span class='ocrx_word' id='word_1_6' title='bbox 255 295 312 338; x_wconf 85' lang='lat' dir='ltr'><strong>est:</strong></span> <span class='ocrx_word' id='word_1_7' title='bbox 332 286 431 352; x_wconf 89' lang='lat' dir='ltr'><strong>quibus</strong></span> <span class='ocrx_word' id='word_1_8' title='bbox 447 295 482 361; x_wconf 65' lang='lat' dir='ltr'><strong>po</strong></span> <span class='ocrx_word' id='word_1_9' title='bbox 544 245 665 354; x_wconf 40' lang='lat' dir='ltr'><strong>,sepercit</strong></span> <span class='ocrx_word' id='word_1_10' title='bbox 679 291 816 346; x_wconf 87' lang='lat' dir='ltr'><strong>vetustas,</strong></span> <span class='ocrx_word' id='word_1_11' title='bbox 831 292 862 334; x_wconf 93' lang='lat' dir='ltr'><strong>ut</strong></span> <span class='ocrx_word' id='word_1_12' title='bbox 879 300 917 338; x_wconf 80' lang='lat' dir='ltr'><strong>er</strong></span> 
     </span>
     <span class='ocr_line' id='line_1_3' title="bbox 109 325 918 438; baseline -0.004 -32"><span class='ocrx_word' id='word_1_13' title='bbox 109 355 241 406; x_wconf 82' lang='lat' dir='ltr'><strong>Romanis</strong></span> <span class='ocrx_word' id='word_1_14' title='bbox 260 345 471 430; x_wconf 49' lang='lat' dir='ltr'><strong>imperatoribb,</strong></span> <span class='ocrx_word' id='word_1_15' title='bbox 481 325 566 438; x_wconf 42' lang='lat' dir='ltr'><strong>&amp;Mira</strong></span> <span class='ocrx_word' id='word_1_16' title='bbox 604 359 649 406; x_wconf 85' lang='lat' dir='ltr'><strong>ost</strong></span> <span class='ocrx_word' id='word_1_17' title='bbox 664 352 780 404; x_wconf 86' lang='lat' dir='ltr'><strong>subacta</strong></span> <span class='ocrx_word' id='word_1_18' title='bbox 795 351 918 403; x_wconf 87' lang='lat' dir='ltr'><strong>Pontica</strong></span> 
     </span>
     <span class='ocr_line' id='line_1_4' title="bbox 108 409 916 489; baseline -0.002 -17"><span class='ocrx_word' id='word_1_19' title='bbox 108 431 196 489; x_wconf 84' lang='lat' dir='ltr'><strong>regna</strong></span> <span class='ocrx_word' id='word_1_20' title='bbox 218 420 365 488; x_wconf 77' lang='lat' dir='ltr'>chlamyde</span> <span class='ocrx_word' id='word_1_21' title='bbox 388 409 591 488; x_wconf 42' lang='lat' dir='ltr'><strong>illiefflbrmp</strong></span> <span class='ocrx_word' id='word_1_22' title='bbox 612 436 657 470; x_wconf 93' lang='lat' dir='ltr'><strong>um</strong></span> <span class='ocrx_word' id='word_1_23' title='bbox 681 435 761 470; x_wconf 87' lang='lat' dir='ltr'><strong>suum</strong></span> <span class='ocrx_word' id='word_1_24' title='bbox 787 427 916 484; x_wconf 81' lang='lat' dir='ltr'><strong>ornaret3</strong></span> 
     </span>
     <span class='ocr_line' id='line_1_5' title="bbox 108 485 917 603; baseline -0.002 -63"><span class='ocrx_word' id='word_1_25' title='bbox 108 490 180 540; x_wconf 87' lang='lat' dir='ltr'><strong>alius</strong></span> <span class='ocrx_word' id='word_1_26' title='bbox 194 487 338 540; x_wconf 80' lang='lat' dir='ltr'>thoracem</span> <span class='ocrx_word' id='word_1_27' title='bbox 352 485 507 539; x_wconf 79' lang='lat' dir='ltr'><strong>Alexandri</strong></span> <span class='ocrx_word' id='word_1_28' title='bbox 519 487 633 538; x_wconf 91' lang='lat' dir='ltr'><strong>indutus</strong></span> <span class='ocrx_word' id='word_1_29' title='bbox 651 493 829 554; x_wconf 81' lang='lat' dir='ltr'><strong>percurreret</strong></span> <span class='ocrx_word' id='word_1_30' title='bbox 844 502 917 603; x_wconf 66' lang='lat' dir='ltr'><strong>pon·</strong></span> 
     </span>
     <span class='ocr_line' id='line_1_6' title="bbox 108 554 915 623; baseline -0.002 -16"><span class='ocrx_word' id='word_1_31' title='bbox 108 563 179 618; x_wconf 91' lang='lat' dir='ltr'><strong>tem,</strong></span> <span class='ocrx_word' id='word_1_32' title='bbox 199 571 280 623; x_wconf 88' lang='lat' dir='ltr'><strong>quem</strong></span> <span class='ocrx_word' id='word_1_33' title='bbox 294 556 481 607; x_wconf 79' lang='lat' dir='ltr'>aemulatione</span> <span class='ocrx_word' id='word_1_34' title='bbox 495 554 577 604; x_wconf 89' lang='lat' dir='ltr'><strong>Darii</strong></span> <span class='ocrx_word' id='word_1_35' title='bbox 590 555 748 620; x_wconf 84' lang='lat' dir='ltr'><strong>Xerxisque</strong></span> <span class='ocrx_word' id='word_1_36' title='bbox 764 554 793 604; x_wconf 88' lang='lat' dir='ltr'><strong>in</strong></span> <span class='ocrx_word' id='word_1_37' title='bbox 809 568 845 620; x_wconf 91' lang='lat' dir='ltr'><strong>pe</strong></span> <span class='ocrx_word' id='word_1_38' title='bbox 858 569 915 621; x_wconf 83' lang='lat' dir='ltr'><strong>ago</strong></span> 
     </span>
     <span class='ocr_line' id='line_1_7' title="bbox 108 621 915 675; baseline -0.002 -1"><span class='ocrx_word' id='word_1_39' title='bbox 108 630 257 675; x_wconf 81' lang='lat' dir='ltr'><strong>struxerat.</strong></span> <span class='ocrx_word' id='word_1_40' title='bbox 295 626 334 675; x_wconf 81' lang='lat'><strong>12.</strong></span> <span class='ocrx_word' id='word_1_41' title='bbox 346 623 416 674; x_wconf 86' lang='lat' dir='ltr'><strong>Post</strong></span> <span class='ocrx_word' id='word_1_42' title='bbox 425 621 659 674; x_wconf 81' lang='lat' dir='ltr'><strong>haecdlexander</strong></span> <span class='ocrx_word' id='word_1_43' title='bbox 668 621 834 672; x_wconf 80' lang='lat' dir='ltr'><strong>aMiuervae</strong></span> <span class='ocrx_word' id='word_1_44' title='bbox 845 621 915 672; x_wconf 84' lang='lat' dir='ltr'><strong>iano</strong></span> 
     </span>
     <span class='ocr_line' id='line_1_8' title="bbox 108 687 917 759; baseline -0.002 -17"><span class='ocrx_word' id='word_1_45' title='bbox 108 691 251 759; x_wconf 84' lang='lat' dir='ltr'><strong>digressus</strong></span> <span class='ocrx_word' id='word_1_46' title='bbox 274 691 391 743; x_wconf 85' lang='lat' dir='ltr'><strong>drisben</strong></span> <span class='ocrx_word' id='word_1_47' title='bbox 414 689 564 757; x_wconf 81' lang='lat' dir='ltr'><strong>processit,</strong></span> <span class='ocrx_word' id='word_1_48' title='bbox 587 689 636 740; x_wconf 90' lang='lat' dir='ltr'><strong>ubi</strong></span> <span class='ocrx_word' id='word_1_49' title='bbox 659 694 751 740; x_wconf 84' lang='lat' dir='ltr'><strong>castra</strong></span> <span class='ocrx_word' id='word_1_50' title='bbox 772 687 917 740; x_wconf 86' lang='lat' dir='ltr'><strong>habebant</strong></span> 
     </span>
     <span class='ocr_line' id='line_1_9' title="bbox 107 756 914 826; baseline -0.002 -16"><span class='ocrx_word' id='word_1_51' title='bbox 107 759 288 822; x_wconf 83' lang='lat' dir='ltr'><strong>Macedones,</strong></span> <span class='ocrx_word' id='word_1_52' title='bbox 307 760 355 826; x_wconf 91' lang='lat' dir='ltr'><strong>qui</strong></span> <span class='ocrx_word' id='word_1_53' title='bbox 373 773 435 809; x_wconf 90' lang='lat' dir='ltr'><strong>cum</strong></span> <span class='ocrx_word' id='word_1_54' title='bbox 452 756 637 809; x_wconf 82' lang='lat' dir='ltr'><strong>Parmenione</strong></span> <span class='ocrx_word' id='word_1_55' title='bbox 654 757 832 808; x_wconf 83' lang='lat' dir='ltr'><strong>transierant.</strong></span> <span class='ocrx_word' id='word_1_56' title='bbox 871 757 914 808; x_wconf 81' lang='grc'><strong>13.</strong></span> 
     </span>
     <span class='ocr_line' id='line_1_10' title="bbox 108 822 915 894; baseline -0.004 -18"><span class='ocrx_word' id='word_1_57' title='bbox 108 826 228 878; x_wconf 88' lang='lat' dir='ltr'><strong>Postero</strong></span> <span class='ocrx_word' id='word_1_58' title='bbox 244 827 289 877; x_wconf 92' lang='lat' dir='ltr'><strong>die</strong></span> <span class='ocrx_word' id='word_1_59' title='bbox 300 823 560 894; x_wconf 83' lang='lat' dir='ltr'><strong>praeterPercotan</strong></span> <span class='ocrx_word' id='word_1_60' title='bbox 576 824 789 890; x_wconf 88' lang='lat' dir='ltr'><strong>etLampsaoon</strong></span> <span class='ocrx_word' id='word_1_61' title='bbox 799 823 834 875; x_wconf 87' lang='lat' dir='ltr'><strong>ad</strong></span> <span class='ocrx_word' id='word_1_62' title='bbox 844 822 915 874; x_wconf 88' lang='lat' dir='ltr'><strong>Pra-</strong></span> 
     </span>
     <span class='ocr_line' id='line_1_11' title="bbox 108 891 915 958; baseline -0.002 -14"><span class='ocrx_word' id='word_1_63' title='bbox 108 894 192 945; x_wconf 91' lang='lat' dir='ltr'><strong>ctium</strong></span> <span class='ocrx_word' id='word_1_64' title='bbox 211 893 313 946; x_wconf 87' lang='lat' dir='ltr'><strong>ilumen</strong></span> <span class='ocrx_word' id='word_1_65' title='bbox 333 892 486 955; x_wconf 85' lang='lat' dir='ltr'><strong>contendit,</strong></span> <span class='ocrx_word' id='word_1_66' title='bbox 506 891 581 958; x_wconf 91' lang='lat' dir='ltr'><strong>quod</strong></span> <span class='ocrx_word' id='word_1_67' title='bbox 603 907 638 943; x_wconf 84' lang='lat' dir='ltr'><strong>ex</strong></span> <span class='ocrx_word' id='word_1_68' title='bbox 658 891 749 942; x_wconf 83' lang='lat' dir='ltr'><strong>idaeis</strong></span> <span class='ocrx_word' id='word_1_69' title='bbox 770 891 915 942; x_wconf 85' lang='lat' dir='ltr'><strong>montibus</strong></span> 
     </span>
     <span class='ocr_line' id='line_1_12' title="bbox 108 957 914 1028; baseline -0.006 -15"><span class='ocrx_word' id='word_1_70' title='bbox 108 957 914 1028; x_wconf 73' lang='lat' dir='ltr'><strong>ortum,Lampsacenunitbydenumqueagruminterfluit,</strong></span> 
     </span>
     <span class='ocr_line' id='line_1_13' title="bbox 107 1025 914 1095; baseline -0.005 -15"><span class='ocrx_word' id='word_1_71' title='bbox 107 1029 208 1081; x_wconf 90' lang='lat' dir='ltr'><strong>deinde</strong></span> <span class='ocrx_word' id='word_1_72' title='bbox 222 1031 364 1095; x_wconf 85' lang='lat' dir='ltr'><strong>paulisper</strong></span> <span class='ocrx_word' id='word_1_73' title='bbox 378 1027 413 1076; x_wconf 90' lang='lat' dir='ltr'><strong>ad</strong></span> <span class='ocrx_word' id='word_1_74' title='bbox 427 1026 783 1092; x_wconf 81' lang='lat' dir='ltr'><strong>septemtrionemilexum,</strong></span> <span class='ocrx_word' id='word_1_75' title='bbox 799 1026 828 1076; x_wconf 93' lang='lat' dir='ltr'><strong>in</strong></span> <span class='ocrx_word' id='word_1_76' title='bbox 843 1025 914 1076; x_wconf 89' lang='lat' dir='ltr'><strong>Pro-</strong></span> 
     </span>
     <span class='ocr_line' id='line_1_14' title="bbox 106 1093 913 1163; baseline -0.005 -15"><span class='ocrx_word' id='word_1_77' title='bbox 106 1097 249 1163; x_wconf 89' lang='lat' dir='ltr'><strong>pontidem</strong></span> <span class='ocrx_word' id='word_1_78' title='bbox 261 1096 327 1146; x_wconf 84' lang='lat' dir='ltr'><strong>exit.</strong></span> <span class='ocrx_word' id='word_1_79' title='bbox 365 1095 405 1143; x_wconf 78' lang='lat'><strong>14.</strong></span> <span class='ocrx_word' id='word_1_80' title='bbox 425 1093 491 1143; x_wconf 87' lang='lat' dir='ltr'><strong>Inda</strong></span> <span class='ocrx_word' id='word_1_81' title='bbox 505 1093 671 1144; x_wconf 88' lang='lat' dir='ltr'><strong>Hermotum</strong></span> <span class='ocrx_word' id='word_1_82' title='bbox 684 1099 913 1161; x_wconf 77' lang='lat' dir='ltr'><strong>praetergressus</strong></span> 
     </span>
     <span class='ocr_line' id='line_1_15' title="bbox 106 1160 913 1227; baseline -0.005 -13"><span class='ocrx_word' id='word_1_83' title='bbox 106 1180 169 1224; x_wconf 80' lang='lat' dir='ltr'><strong>rex,</strong></span> <span class='ocrx_word' id='word_1_84' title='bbox 184 1163 220 1214; x_wconf 88' lang='lat' dir='ltr'><strong>ad</strong></span> <span class='ocrx_word' id='word_1_85' title='bbox 234 1162 356 1214; x_wconf 83' lang='lat' dir='ltr'><strong>Colonas</strong></span> <span class='ocrx_word' id='word_1_86' title='bbox 370 1160 461 1222; x_wconf 86' lang='lat' dir='ltr'><strong>duxit,</strong></span> <span class='ocrx_word' id='word_1_87' title='bbox 477 1161 506 1210; x_wconf 95' lang='lat' dir='ltr'><strong>in</strong></span> <span class='ocrx_word' id='word_1_88' title='bbox 521 1161 733 1212; x_wconf 86' lang='lat' dir='ltr'><strong>mediterraneis</strong></span> <span class='ocrx_word' id='word_1_89' title='bbox 744 1161 913 1227; x_wconf 87' lang='lat' dir='ltr'><strong>Lampsace-</strong></span> 
     </span>
     <span class='ocr_line' id='line_1_16' title="bbox 107 1227 911 1295; baseline -0.001 -14"><span class='ocrx_word' id='word_1_90' title='bbox 107 1245 206 1281; x_wconf 89' lang='lat' dir='ltr'><strong>norum</strong></span> <span class='ocrx_word' id='word_1_91' title='bbox 217 1229 300 1279; x_wconf 88' lang='lat' dir='ltr'><strong>situm</strong></span> <span class='ocrx_word' id='word_1_92' title='bbox 312 1227 451 1295; x_wconf 88' lang='lat' dir='ltr'><strong>oppidum.</strong></span> <span class='ocrx_word' id='word_1_93' title='bbox 481 1227 614 1279; x_wconf 86' lang='lat' dir='ltr'><strong>Omnibus</strong></span> <span class='ocrx_word' id='word_1_94' title='bbox 625 1229 688 1279; x_wconf 89' lang='lat' dir='ltr'><strong>istis</strong></span> <span class='ocrx_word' id='word_1_95' title='bbox 699 1230 728 1278; x_wconf 91' lang='lat' dir='ltr'><strong>in</strong></span> <span class='ocrx_word' id='word_1_96' title='bbox 739 1229 911 1280; x_wconf 87' lang='lat' dir='ltr'><strong>deditionem</strong></span> 
     </span>
     <span class='ocr_line' id='line_1_17' title="bbox 107 1295 913 1362; baseline 0 -14"><span class='ocrx_word' id='word_1_97' title='bbox 107 1295 240 1362; x_wconf 85' lang='lat' dir='ltr'><strong>acceptis,</strong></span> <span class='ocrx_word' id='word_1_98' title='bbox 261 1297 336 1358; x_wconf 86' lang='lat' dir='ltr'><strong>(nam</strong></span> <span class='ocrx_word' id='word_1_99' title='bbox 348 1301 377 1346; x_wconf 90' lang='lat' dir='ltr'><strong>et</strong></span> <span class='ocrx_word' id='word_1_100' title='bbox 389 1295 587 1361; x_wconf 75' lang='lat' dir='ltr'><strong>Lampsaceni·</strong></span> <span class='ocrx_word' id='word_1_101' title='bbox 604 1296 763 1362; x_wconf 82' lang='lat' dir='ltr'><strong>ignoverat)</strong></span> <span class='ocrx_word' id='word_1_102' title='bbox 784 1297 913 1362; x_wconf 79' lang='lat' dir='ltr'><strong>Panego-</strong></span> 
     </span>
     <span class='ocr_line' id='line_1_18' title="bbox 105 1362 911 1432; baseline -0.001 -17"><span class='ocrx_word' id='word_1_103' title='bbox 105 1380 166 1415; x_wconf 88' lang='lat' dir='ltr'><strong>rum</strong></span> <span class='ocrx_word' id='word_1_104' title='bbox 180 1363 269 1426; x_wconf 88' lang='lat' dir='ltr'><strong>misit,</strong></span> <span class='ocrx_word' id='word_1_105' title='bbox 290 1364 338 1430; x_wconf 89' lang='lat' dir='ltr'><strong>qui</strong></span> <span class='ocrx_word' id='word_1_106' title='bbox 353 1362 554 1428; x_wconf 88' lang='lat' dir='ltr'><strong>Priapenorum</strong></span> <span class='ocrx_word' id='word_1_107' title='bbox 573 1362 682 1426; x_wconf 89' lang='lat' dir='ltr'><strong>urbem,</strong></span> <span class='ocrx_word' id='word_1_108' title='bbox 702 1379 784 1432; x_wconf 89' lang='lat' dir='ltr'><strong>quam</strong></span> <span class='ocrx_word' id='word_1_109' title='bbox 799 1365 911 1416; x_wconf 88' lang='lat' dir='ltr'><strong>incolae</strong></span> 
     </span>
     <span class='ocr_line' id='line_1_19' title="bbox 108 1430 911 1498; baseline 0 -16"><span class='ocrx_word' id='word_1_110' title='bbox 108 1430 254 1491; x_wconf 87' lang='lat' dir='ltr'><strong>dedebant,</strong></span> <span class='ocrx_word' id='word_1_111' title='bbox 262 1433 413 1498; x_wconf 85' lang='lat' dir='ltr'><strong>reciperet:</strong></span> <span class='ocrx_word' id='word_1_112' title='bbox 431 1430 470 1480; x_wconf 76' lang='lat'><strong>15.</strong></span> <span class='ocrx_word' id='word_1_113' title='bbox 481 1430 755 1497; x_wconf 76' lang='lat' dir='ltr'><strong>Amyntasdrrabaei</strong></span> <span class='ocrx_word' id='word_1_114' title='bbox 764 1432 838 1482; x_wconf 88' lang='lat' dir='ltr'><strong>iilius</strong></span> <span class='ocrx_word' id='word_1_115' title='bbox 850 1447 911 1482; x_wconf 89' lang='lat' dir='ltr'><strong>cum</strong></span> 
     </span>
    </p>
   </div>
   <div class='ocr_carea' id='block_1_3' title="bbox 108 1499 910 1567">
    <p class='ocr_par' dir='ltr' id='par_1_3' title="bbox 108 1499 910 1567">
     <span class='ocr_line' id='line_1_20' title="bbox 108 1499 910 1567; baseline 0.004 -19"><span class='ocrx_word' id='word_1_116' title='bbox 108 1503 227 1565; x_wconf 90' lang='lat' dir='ltr'><strong>quatuor</strong></span> <span class='ocrx_word' id='word_1_117' title='bbox 249 1503 460 1549; x_wconf 87' lang='lat' dir='ltr'><strong>antecursorum</strong></span> <span class='ocrx_word' id='word_1_118' title='bbox 478 1499 592 1560; x_wconf 90' lang='lat' dir='ltr'><strong>turmis,</strong></span> <span class='ocrx_word' id='word_1_119' title='bbox 618 1513 673 1550; x_wconf 88' lang='lat' dir='ltr'><strong>una</strong></span> <span class='ocrx_word' id='word_1_120' title='bbox 692 1500 910 1567; x_wconf 78' lang='lat' dir='ltr'><strong>Apolloniatum,</strong></span> 
     </span>
    </p>
   </div>
   <div class='ocr_carea' id='block_1_4' title="bbox 107 1564 1009 1632">
    <p class='ocr_par' dir='ltr' id='par_1_4' title="bbox 107 1564 1009 1632">
     <span class='ocr_line' id='line_1_21' title="bbox 107 1564 1009 1632; baseline 0.004 -17"><span class='ocrx_word' id='word_1_121' title='bbox 107 1580 190 1632; x_wconf 89' lang='lat' dir='ltr'><strong>quam</strong></span> <span class='ocrx_word' id='word_1_122' title='bbox 205 1564 337 1617; x_wconf 84' lang='lat' dir='ltr'><strong>Socrates</strong></span> <span class='ocrx_word' id='word_1_123' title='bbox 356 1564 485 1628; x_wconf 89' lang='lat' dir='ltr'><strong>ducebat,</strong></span> <span class='ocrx_word' id='word_1_124' title='bbox 506 1567 678 1632; x_wconf 78' lang='lat' dir='ltr'><strong>speculatum</strong></span> <span class='ocrx_word' id='word_1_125' title='bbox 691 1568 733 1618; x_wconf 87' lang='lat' dir='ltr'><strong>ire</strong></span> <span class='ocrx_word' id='word_1_126' title='bbox 747 1568 841 1618; x_wconf 88' lang='lat' dir='ltr'><strong>iussus</strong></span> <span class='ocrx_word' id='word_1_127' title='bbox 856 1575 909 1630; x_wconf 77' lang='lat' dir='ltr'><strong>est3</strong></span> <span class='ocrx_word' id='word_1_128' title='bbox 1008 1575 1009 1580; x_wconf 78' lang='grc'>’</span> 
     </span>
    </p>
   </div>
   <div class='ocr_carea' id='block_1_5' title="bbox 102 1630 909 2785">
    <p class='ocr_par' dir='ltr' id='par_1_5' title="bbox 102 1630 909 2785">
     <span class='ocr_line' id='line_1_22' title="bbox 107 1630 909 1702; baseline 0.002 -19"><span class='ocrx_word' id='word_1_129' title='bbox 107 1633 208 1700; x_wconf 87' lang='lat' dir='ltr'><strong>quippe</strong></span> <span class='ocrx_word' id='word_1_130' title='bbox 218 1630 314 1684; x_wconf 90' lang='lat' dir='ltr'><strong>hostes</strong></span> <span class='ocrx_word' id='word_1_131' title='bbox 323 1635 353 1685; x_wconf 88' lang='lat' dir='ltr'><strong>in</strong></span> <span class='ocrx_word' id='word_1_132' title='bbox 362 1635 518 1702; x_wconf 88' lang='lat' dir='ltr'><strong>propinquo</strong></span> <span class='ocrx_word' id='word_1_133' title='bbox 529 1635 723 1698; x_wconf 85' lang='lat' dir='ltr'><strong>versabantur,</strong></span> <span class='ocrx_word' id='word_1_134' title='bbox 738 1649 845 1686; x_wconf 85' lang='lat' dir='ltr'><strong>summa</strong></span> <span class='ocrx_word' id='word_1_135' title='bbox 855 1636 909 1688; x_wconf 90' lang='lat' dir='ltr'><strong>sol-</strong></span> 
     </span>
     <span class='ocr_line' id='line_1_23' title="bbox 105 1700 909 1768; baseline 0.004 -17"><span class='ocrx_word' id='word_1_136' title='bbox 105 1700 254 1752; x_wconf 89' lang='lat' dir='ltr'><strong>licitudine</strong></span> <span class='ocrx_word' id='word_1_137' title='bbox 265 1716 386 1768; x_wconf 86' lang='lat' dir='ltr'><strong>curaque</strong></span> <span class='ocrx_word' id='word_1_138' title='bbox 396 1702 500 1754; x_wconf 92' lang='lat' dir='ltr'><strong>bellum</strong></span> <span class='ocrx_word' id='word_1_139' title='bbox 510 1703 690 1754; x_wconf 88' lang='lat' dir='ltr'><strong>instruentes.</strong></span> <span class='ocrx_word' id='word_1_140' title='bbox 722 1703 762 1754; x_wconf 82' lang='lat' dir='ltr'><strong>lo.</strong></span> <span class='ocrx_word' id='word_1_141' title='bbox 774 1703 909 1754; x_wconf 88' lang='lat' dir='ltr'><strong>intereos</strong></span> 
     </span>
     <span class='ocr_line' id='line_1_24' title="bbox 105 1767 907 1838; baseline 0 -18"><span class='ocrx_word' id='word_1_142' title='bbox 105 1770 148 1820; x_wconf 91' lang='lat' dir='ltr'><strong>rei</strong></span> <span class='ocrx_word' id='word_1_143' title='bbox 166 1767 295 1821; x_wconf 87' lang='lat' dir='ltr'><strong>militaris</strong></span> <span class='ocrx_word' id='word_1_144' title='bbox 317 1771 420 1838; x_wconf 82' lang='lat' dir='ltr'><strong>peritia</strong></span> <span class='ocrx_word' id='word_1_145' title='bbox 443 1771 527 1838; x_wconf 84' lang='lat' dir='ltr'><strong>longe</strong></span> <span class='ocrx_word' id='word_1_146' title='bbox 549 1770 689 1822; x_wconf 86' lang='lat' dir='ltr'><strong>eminebat</strong></span> <span class='ocrx_word' id='word_1_147' title='bbox 706 1770 847 1821; x_wconf 83' lang='lat' dir='ltr'><strong>Memnon.</strong></span> <span class='ocrx_word' id='word_1_148' title='bbox 882 1771 907 1820; x_wconf 89' lang='lat' dir='ltr'><strong>ls</strong></span> 
     </span>
     <span class='ocr_line' id='line_1_25' title="bbox 105 1837 907 1904; baseline 0.001 -17"><span class='ocrx_word' id='word_1_149' title='bbox 105 1852 275 1904; x_wconf 83' lang='lat' dir='ltr'><strong>magnopere</strong></span> <span class='ocrx_word' id='word_1_150' title='bbox 289 1837 439 1902; x_wconf 85' lang='lat' dir='ltr'><strong>suadebat,</strong></span> <span class='ocrx_word' id='word_1_151' title='bbox 456 1844 488 1890; x_wconf 90' lang='lat' dir='ltr'><strong>ut</strong></span> <span class='ocrx_word' id='word_1_152' title='bbox 495 1839 721 1901; x_wconf 85' lang='lat' dir='ltr'><strong>retrocedentes,</strong></span> <span class='ocrx_word' id='word_1_153' title='bbox 736 1852 817 1889; x_wconf 89' lang='lat' dir='ltr'><strong>omne</strong></span> <span class='ocrx_word' id='word_1_154' title='bbox 834 1838 907 1904; x_wconf 90' lang='lat' dir='ltr'><strong>quod</strong></span> 
     </span>
     <span class='ocr_line' id='line_1_26' title="bbox 104 1903 907 1986; baseline -0.001 -30"><span class='ocrx_word' id='word_1_155' title='bbox 104 1908 168 1956; x_wconf 90' lang='lat' dir='ltr'><strong>usui</strong></span> <span class='ocrx_word' id='word_1_156' title='bbox 185 1903 313 1958; x_wconf 88' lang='lat' dir='ltr'><strong>hostibus</strong></span> <span class='ocrx_word' id='word_1_157' title='bbox 328 1921 390 1958; x_wconf 86' lang='lat' dir='ltr'><strong>esse</strong></span> <span class='ocrx_word' id='word_1_158' title='bbox 406 1913 515 1974; x_wconf 88' lang='lat' dir='ltr'><strong>posset,</strong></span> <span class='ocrx_word' id='word_1_159' title='bbox 530 1907 614 1986; x_wconf 70' lang='lat' dir='ltr'><strong>longe</strong></span> <span class='ocrx_word' id='word_1_160' title='bbox 625 1904 737 1972; x_wconf 87' lang='lat' dir='ltr'><strong>lateque</strong></span> <span class='ocrx_word' id='word_1_161' title='bbox 750 1920 907 1971; x_wconf 90' lang='lat' dir='ltr'><strong>corrumpe·</strong></span> 
     </span>
     <span class='ocr_line' id='line_1_27' title="bbox 103 1971 907 2042; baseline 0.002 -20"><span class='ocrx_word' id='word_1_162' title='bbox 103 1979 179 2036; x_wconf 90' lang='lat' dir='ltr'><strong>rent;</strong></span> <span class='ocrx_word' id='word_1_163' title='bbox 199 1973 332 2042; x_wconf 89' lang='lat' dir='ltr'><strong>quidquid</strong></span> <span class='ocrx_word' id='word_1_164' title='bbox 350 1973 380 2024; x_wconf 90' lang='lat' dir='ltr'><strong>in</strong></span> <span class='ocrx_word' id='word_1_165' title='bbox 399 1989 497 2040; x_wconf 89' lang='lat' dir='ltr'><strong>campo</strong></span> <span class='ocrx_word' id='word_1_166' title='bbox 514 1971 659 2024; x_wconf 84' lang='lat' dir='ltr'><strong>herbidum</strong></span> <span class='ocrx_word' id='word_1_167' title='bbox 677 1979 761 2036; x_wconf 85' lang='lat' dir='ltr'><strong>esset,</strong></span> <span class='ocrx_word' id='word_1_168' title='bbox 784 1975 907 2040; x_wconf 88' lang='lat' dir='ltr'><strong>equitatu</strong></span> 
     </span>
     <span class='ocr_line' id='line_1_28' title="bbox 106 2039 907 2107; baseline 0.001 -17"><span class='ocrx_word' id='word_1_169' title='bbox 106 2040 316 2104; x_wconf 83' lang='lat' dir='ltr'><strong>conculcarent3</strong></span> <span class='ocrx_word' id='word_1_170' title='bbox 343 2040 422 2090; x_wconf 86' lang='lat' dir='ltr'><strong>ricos</strong></span> <span class='ocrx_word' id='word_1_171' title='bbox 449 2040 588 2107; x_wconf 87' lang='lat' dir='ltr'><strong>urbesque</strong></span> <span class='ocrx_word' id='word_1_172' title='bbox 615 2040 810 2102; x_wconf 86' lang='lat' dir='ltr'><strong>incenderent,</strong></span> <span class='ocrx_word' id='word_1_173' title='bbox 839 2039 907 2092; x_wconf 89' lang='lat' dir='ltr'><strong>nihil</strong></span> 
     </span>
     <span class='ocr_line' id='line_1_29' title="bbox 103 2106 906 2174; baseline 0.001 -17"><span class='ocrx_word' id='word_1_174' title='bbox 103 2116 216 2174; x_wconf 88' lang='lat' dir='ltr'><strong>praeter</strong></span> <span class='ocrx_word' id='word_1_175' title='bbox 226 2109 329 2160; x_wconf 90' lang='lat' dir='ltr'><strong>nudum</strong></span> <span class='ocrx_word' id='word_1_176' title='bbox 340 2106 430 2157; x_wconf 87' lang='lat' dir='ltr'><strong>solum</strong></span> <span class='ocrx_word' id='word_1_177' title='bbox 441 2106 576 2158; x_wconf 88' lang='lat' dir='ltr'><strong>relicturi.</strong></span> <span class='ocrx_word' id='word_1_178' title='bbox 614 2109 655 2158; x_wconf 84' lang='grc'><strong>11.</strong></span> <span class='ocrx_word' id='word_1_179' title='bbox 674 2107 728 2160; x_wconf 80' lang='lat' dir='ltr'><strong>Vix</strong></span> <span class='ocrx_word' id='word_1_180' title='bbox 737 2110 819 2160; x_wconf 90' lang='lat' dir='ltr'><strong>unius</strong></span> <span class='ocrx_word' id='word_1_181' title='bbox 833 2123 906 2159; x_wconf 91' lang='lat' dir='ltr'><strong>men-</strong></span> 
     </span>
     <span class='ocr_line' id='line_1_30' title="bbox 103 2175 907 2239; baseline 0.002 -16"><span class='ocrx_word' id='word_1_182' title='bbox 103 2175 143 2225; x_wconf 90' lang='lat' dir='ltr'><strong>sis</strong></span> <span class='ocrx_word' id='word_1_183' title='bbox 155 2181 311 2227; x_wconf 87' lang='lat' dir='ltr'><strong>commeatu</strong></span> <span class='ocrx_word' id='word_1_184' title='bbox 326 2175 491 2225; x_wconf 87' lang='lat' dir='ltr'><strong>instructum</strong></span> <span class='ocrx_word' id='word_1_185' title='bbox 504 2175 615 2228; x_wconf 86' lang='lat' dir='ltr'><strong>venisse</strong></span> <span class='ocrx_word' id='word_1_186' title='bbox 628 2175 821 2239; x_wconf 83' lang='lat' dir='ltr'><strong>Macedonem,</strong></span> <span class='ocrx_word' id='word_1_187' title='bbox 833 2176 907 2226; x_wconf 92' lang='lat' dir='ltr'><strong>dein-</strong></span> 
     </span>
     <span class='ocr_line' id='line_1_31' title="bbox 104 2241 908 2311; baseline 0.002 -20"><span class='ocrx_word' id='word_1_188' title='bbox 104 2257 171 2308; x_wconf 89' lang='lat' dir='ltr'><strong>ceps</strong></span> <span class='ocrx_word' id='word_1_189' title='bbox 190 2249 271 2309; x_wconf 91' lang='lat' dir='ltr'><strong>rapto</strong></span> <span class='ocrx_word' id='word_1_190' title='bbox 291 2242 436 2292; x_wconf 85' lang='lat' dir='ltr'><strong>victurum.</strong></span> <span class='ocrx_word' id='word_1_191' title='bbox 472 2241 514 2292; x_wconf 83' lang='lat' dir='ltr'><strong>Ea</strong></span> <span class='ocrx_word' id='word_1_192' title='bbox 534 2244 616 2310; x_wconf 89' lang='lat' dir='ltr'><strong>copia</strong></span> <span class='ocrx_word' id='word_1_193' title='bbox 629 2244 654 2296; x_wconf 91' lang='lat' dir='ltr'><strong>si</strong></span> <span class='ocrx_word' id='word_1_194' title='bbox 668 2245 814 2311; x_wconf 86' lang='lat' dir='ltr'><strong>eripiatur,</strong></span> <span class='ocrx_word' id='word_1_195' title='bbox 831 2242 908 2294; x_wconf 87' lang='lat' dir='ltr'><strong>brevi</strong></span> 
     </span>
     <span class='ocr_line' id='line_1_32' title="bbox 102 2308 908 2379; baseline 0.001 -20"><span class='ocrx_word' id='word_1_196' title='bbox 102 2322 280 2360; x_wconf 88' lang='lat' dir='ltr'><strong>recessurum</strong></span> <span class='ocrx_word' id='word_1_197' title='bbox 291 2322 363 2360; x_wconf 89' lang='lat' dir='ltr'><strong>esse.</strong></span> <span class='ocrx_word' id='word_1_198' title='bbox 399 2308 442 2359; x_wconf 89' lang='lat' dir='ltr'><strong>lta</strong></span> <span class='ocrx_word' id='word_1_199' title='bbox 455 2324 541 2376; x_wconf 85' lang='lat' dir='ltr'><strong>parvo</strong></span> <span class='ocrx_word' id='word_1_200' title='bbox 554 2311 695 2379; x_wconf 89' lang='lat' dir='ltr'><strong>impendio</strong></span> <span class='ocrx_word' id='word_1_201' title='bbox 709 2312 763 2362; x_wconf 86' lang='lat' dir='ltr'><strong>toti</strong></span> <span class='ocrx_word' id='word_1_202' title='bbox 772 2310 856 2362; x_wconf 81' lang='lat' dir='ltr'><strong>Asiae</strong></span> <span class='ocrx_word' id='word_1_203' title='bbox 866 2325 908 2361; x_wconf 84' lang='lat' dir='ltr'><strong>sa-</strong></span> 
     </span>
     <span class='ocr_line' id='line_1_33' title="bbox 103 2375 907 2446; baseline 0.001 -20"><span class='ocrx_word' id='word_1_204' title='bbox 103 2375 191 2426; x_wconf 89' lang='lat' dir='ltr'><strong>lutem</strong></span> <span class='ocrx_word' id='word_1_205' title='bbox 205 2375 311 2443; x_wconf 89' lang='lat' dir='ltr'><strong>quaeri.</strong></span> <span class='ocrx_word' id='word_1_206' title='bbox 355 2375 396 2426; x_wconf 82' lang='lat'><strong>18.</strong></span> <span class='ocrx_word' id='word_1_207' title='bbox 415 2377 509 2430; x_wconf 85' lang='lat' dir='ltr'><strong>Triste</strong></span> <span class='ocrx_word' id='word_1_208' title='bbox 526 2378 557 2429; x_wconf 91' lang='lat' dir='ltr'><strong>id</strong></span> <span class='ocrx_word' id='word_1_209' title='bbox 569 2379 693 2446; x_wconf 86' lang='lat' dir='ltr'><strong>quidem:</strong></span> <span class='ocrx_word' id='word_1_210' title='bbox 713 2378 764 2430; x_wconf 90' lang='lat' dir='ltr'><strong>sed</strong></span> <span class='ocrx_word' id='word_1_211' title='bbox 784 2379 814 2429; x_wconf 93' lang='lat' dir='ltr'><strong>in</strong></span> <span class='ocrx_word' id='word_1_212' title='bbox 835 2378 907 2429; x_wconf 89' lang='lat' dir='ltr'><strong>omni</strong></span> 
     </span>
     <span class='ocr_line' id='line_1_34' title="bbox 103 2442 907 2512; baseline 0.005 -21"><span class='ocrx_word' id='word_1_213' title='bbox 103 2442 233 2508; x_wconf 77' lang='lat' dir='ltr'><strong>negotio,</strong></span> <span class='ocrx_word' id='word_1_214' title='bbox 255 2443 302 2493; x_wconf 92' lang='lat' dir='ltr'><strong>ubi</strong></span> <span class='ocrx_word' id='word_1_215' title='bbox 317 2444 469 2510; x_wconf 89' lang='lat' dir='ltr'><strong>periculum</strong></span> <span class='ocrx_word' id='word_1_216' title='bbox 484 2445 639 2510; x_wconf 87' lang='lat' dir='ltr'><strong>immineat,</strong></span> <span class='ocrx_word' id='word_1_217' title='bbox 658 2447 688 2499; x_wconf 91' lang='lat' dir='ltr'><strong>id</strong></span> <span class='ocrx_word' id='word_1_218' title='bbox 702 2452 830 2512; x_wconf 83' lang='lat' dir='ltr'><strong>spectare</strong></span> <span class='ocrx_word' id='word_1_219' title='bbox 847 2459 907 2512; x_wconf 90' lang='lat' dir='ltr'><strong>pru-</strong></span> 
     </span>
     <span class='ocr_line' id='line_1_35' title="bbox 105 2510 908 2581; baseline 0.002 -22"><span class='ocrx_word' id='word_1_220' title='bbox 105 2510 218 2572; x_wconf 86' lang='lat' dir='ltr'><strong>dentes,</strong></span> <span class='ocrx_word' id='word_1_221' title='bbox 238 2515 368 2577; x_wconf 90' lang='lat' dir='ltr'><strong>utquam</strong></span> <span class='ocrx_word' id='word_1_222' title='bbox 385 2512 499 2564; x_wconf 88' lang='lat' dir='ltr'><strong>minimo</strong></span> <span class='ocrx_word' id='word_1_223' title='bbox 518 2513 617 2566; x_wconf 88' lang='lat' dir='ltr'><strong>damno</strong></span> <span class='ocrx_word' id='word_1_224' title='bbox 635 2513 832 2581; x_wconf 79' lang='lat' dir='ltr'><strong>defungantur.</strong></span> <span class='ocrx_word' id='word_1_225' title='bbox 865 2512 908 2562; x_wconf 91' lang='lat' dir='ltr'><strong>lta</strong></span> 
     </span>
     <span class='ocr_line' id='line_1_36' title="bbox 103 2576 907 2648; baseline 0.004 -21"><span class='ocrx_word' id='word_1_226' title='bbox 103 2576 241 2638; x_wconf 88' lang='lat' dir='ltr'><strong>medicos,</strong></span> <span class='ocrx_word' id='word_1_227' title='bbox 260 2579 285 2628; x_wconf 91' lang='lat' dir='ltr'><strong>si</strong></span> <span class='ocrx_word' id='word_1_228' title='bbox 296 2586 425 2646; x_wconf 90' lang='lat' dir='ltr'><strong>correpta</strong></span> <span class='ocrx_word' id='word_1_229' title='bbox 433 2589 513 2646; x_wconf 90' lang='lat' dir='ltr'><strong>parte</strong></span> <span class='ocrx_word' id='word_1_230' title='bbox 524 2583 650 2648; x_wconf 85' lang='lat' dir='ltr'><strong>corporis</strong></span> <span class='ocrx_word' id='word_1_231' title='bbox 660 2580 786 2633; x_wconf 88' lang='lat' dir='ltr'><strong>morbum</strong></span> <span class='ocrx_word' id='word_1_232' title='bbox 796 2583 826 2632; x_wconf 91' lang='lat' dir='ltr'><strong>in</strong></span> <span class='ocrx_word' id='word_1_233' title='bbox 836 2587 907 2631; x_wconf 85' lang='lat' dir='ltr'><strong>cete·</strong></span> 
     </span>
     <span class='ocr_line' id='line_1_37' title="bbox 102 2644 907 2716; baseline 0.002 -22"><span class='ocrx_word' id='word_1_234' title='bbox 102 2659 149 2694; x_wconf 86' lang='lat' dir='ltr'><strong>ras</strong></span> <span class='ocrx_word' id='word_1_235' title='bbox 160 2644 287 2695; x_wconf 85' lang='lat' dir='ltr'><strong>transiici</strong></span> <span class='ocrx_word' id='word_1_236' title='bbox 296 2645 423 2709; x_wconf 83' lang='lat' dir='ltr'><strong>rideant,</strong></span> <span class='ocrx_word' id='word_1_237' title='bbox 446 2647 528 2699; x_wconf 90' lang='lat' dir='ltr'><strong>unius</strong></span> <span class='ocrx_word' id='word_1_238' title='bbox 539 2649 655 2700; x_wconf 86' lang='lat' dir='ltr'><strong>membri</strong></span> <span class='ocrx_word' id='word_1_239' title='bbox 665 2649 773 2699; x_wconf 86' lang='lat' dir='ltr'><strong>iactura</strong></span> <span class='ocrx_word' id='word_1_240' title='bbox 781 2663 833 2716; x_wconf 91' lang='lat' dir='ltr'><strong>pro</strong></span> <span class='ocrx_word' id='word_1_241' title='bbox 844 2647 907 2698; x_wconf 88' lang='lat' dir='ltr'><strong>reli·</strong></span> 
     </span>
     <span class='ocr_line' id='line_1_38' title="bbox 104 2711 906 2785; baseline 0.007 -25"><span class='ocrx_word' id='word_1_242' title='bbox 104 2711 152 2776; x_wconf 88' lang='lat' dir='ltr'><strong>qui</strong></span> <span class='ocrx_word' id='word_1_243' title='bbox 162 2712 288 2779; x_wconf 89' lang='lat' dir='ltr'><strong>corporis</strong></span> <span class='ocrx_word' id='word_1_244' title='bbox 297 2713 490 2766; x_wconf 87' lang='lat' dir='ltr'><strong>incolumitate</strong></span> <span class='ocrx_word' id='word_1_245' title='bbox 501 2715 615 2783; x_wconf 88' lang='lat' dir='ltr'><strong>pacisci.</strong></span> <span class='ocrx_word' id='word_1_246' title='bbox 647 2715 687 2768; x_wconf 74' lang='lat'><strong>1⁹.</strong></span> <span class='ocrx_word' id='word_1_247' title='bbox 698 2715 796 2785; x_wconf 80' lang='lat' dir='ltr'><strong>Neque</strong></span> <span class='ocrx_word' id='word_1_248' title='bbox 807 2715 837 2766; x_wconf 91' lang='lat' dir='ltr'><strong>id</strong></span> <span class='ocrx_word' id='word_1_249' title='bbox 848 2715 906 2768; x_wconf 82' lang='lat' dir='ltr'><strong>aine</strong></span> 
     </span>
    </p>
   </div>
   <div class='ocr_carea' id='block_1_6' title="bbox 0 0 1022 3030">
    <p class='ocr_par' dir='ltr' id='par_1_6' title="bbox 0 0 1022 3030">
     <span class='ocr_line' id='line_1_39' title="bbox 0 0 1022 3030; baseline 0 3"><span class='ocrx_word' id='word_1_250' title='bbox 0 0 1022 3030; x_wconf 95' lang='lat' dir='ltr'><strong> </strong></span> 
     </span>
    </p>
   </div>
  </div>
 </body>
</html>
