2036 3030
140 175 458 229 SUPPlJEMENTA.
476 177 553 230 but.
564 178 584 230 1.
605 179 687 230 CAP.
709 181 749 231 11.
769 183 809 230 12.
846 183 875 232 tl

57 289 125 334 tum
141 286 194 329 est.
229 278 323 330 Lucus
334 277 415 328 estin
425 277 461 328 iis
471 278 611 344 gentibus,
621 294 701 347 quem
711 281 817 334 Libero
826 282 877 333 Pa·

55 352 98 400 tri
123 347 250 398 dicatum
270 345 363 412 prisca
378 345 517 411 religione
539 344 642 398 colunt.
678 347 720 398 24.
738 348 781 399 lbi
793 365 875 417 quum

54 413 234 476 Alexander,
253 413 373 464 barbaro
392 413 449 464 ritu
466 412 637 475 sacrificans,
657 414 747 467 uinum
762 417 818 468 aris
834 418 876 468 in·

56 481 209 543 funderet,
220 486 298 532 tanta
309 479 434 530 flammae
445 479 488 530 vis
499 480 599 546 erupit.
610 488 642 531 ut
652 490 782 598 superato
794 484 872 536 aedis

56 549 199 609 culmine,
211 549 239 598 iu
250 547 360 599 coelum
370 549 490 608 emicare
501 547 651 599 rideretur.
697 547 802 602 'oedem
812 551 872 618 glo·

58 620 124 668 riae
137 617 210 666 lines
228 615 291 681 regi
305 613 426 674 ostendi,
447 629 543 664 omnes
562 614 718 667 credidere.
753 618 794 668 ²5.
812 619 874 669 Alia

57 683 187 735 subinde
197 697 243 732 res
252 682 379 732 nuntiata
388 681 491 746 prioris
510 681 633 748 prodigii
653 681 734 734 fidem
755 683 873 736 allirma·

56 755 109 804 rit.
151 750 184 800 ln
198 747 363 809 'Phracibua
384 748 431 813 qui
446 745 573 812 Odrysae
590 748 772 816 appellantur,
792 750 873 802 Libe·

56 818 144 870 thrus
157 831 239 867 mons
250 823 279 866 et
289 815 387 867 civitas
404 820 454 876 est,
475 811 579 879 Orphei
598 814 736 866 natalibus
755 817 872 884 inclyta:

57 888 124 936 eius
136 880 384 948 sacramelligiem
398 895 433 931 ex
452 895 583 946 cupresso
604 882 767 934 fabricatam
786 885 873 934 inulto

56 953 173 1004 sudore
193 963 331 1009 manasse,
352 948 399 1014 qui
417 947 553 1010 viderant,
573 949 608 1000 ud
627 964 722 1016 regem
740 951 872 1004 retulere.

60 1021 105 1072 26.
126 1019 178 1069 De
197 1016 427 1082 interpretatione
442 1014 570 1067 sollicitis
588 1017 752 1069 Aristander
770 1019 874 1070 exemit

59 1093 185 1147 metum,
206 1082 241 1134 ad
251 1097 297 1133 res
307 1081 454 1148 Alexandri
468 1083 608 1147 pertinere
622 1099 796 1148 asseverans,
817 1086 875 1153 qui-

58 1157 114 1206 bus
127 1150 316 1204 decantandis
327 1149 430 1201 alumni
441 1149 693 1217 llliiqueMusarum
702 1153 817 1204 multum
828 1154 874 1204 de·
942 1155 946 1162 '

59 1220 198 1274 sudaturi
218 1223 320 1272 essent.
356 1218 397 1269 2⁷.
416 1217 547 1281 Triballi,
573 1219 667 1270 valida
687 1221 776 1282 natio,
797 1231 873 1274 trans

58 1295 191 1340 montem
204 1288 318 1337 Aemum
337 1285 441 1336 colunt.
467 1284 497 1336 ln
518 1300 569 1338 eos
589 1303 671 1354 quum
688 1288 874 1340 descenderet

57 1355 237 1416 Alexander,
256 1368 307 1404 rex
325 1353 418 1418 gentis
433 1351 548 1420 Syrmus
562 1356 589 1404 in
604 1353 716 1407 Peucen
726 1354 790 1406 istri
798 1356 871 1408 insu·

58 1426 115 1476 lum
137 1420 320 1489 conlugerat,
341 1420 519 1487 expeditione
529 1421 692 1474 Macedoni
708 1423 795 1474 multo
806 1430 871 1474 ante

59 1496 225 1558 comperta3
244 1503 329 1556 seque
349 1494 378 1538 et
391 1487 526 1556 quidquid
540 1495 632 1540 aetate
647 1491 693 1542 vel
708 1505 778 1544 sexu
795 1493 871 1542 inva-

57 1559 149 1610 lidum
181 1562 262 1620 erat,
292 1555 404 1607 obiecto
433 1556 521 1606 amnis
544 1557 713 1608 munimento
732 1557 871 1610 tuebatur.

47 1627 102 1676 28.
134 1625 248 1690 Quippe
268 1622 427 1674 Alexandro
437 1638 552 1702 ’paucae
572 1639 656 1704 naves
675 1630 769 1688 erant3
797 1627 871 1678 etin

59 1689 640 1824 Attii„titillantinibit
659 1694 872 1822 initiate?

61 1826 103 1877 lta
112 1825 290 1878 Macedones
306 1839 335 1874 re
348 1823 455 1874 infecta
476 1824 674 1884 discesserunt,
695 1824 818 1873 contenti
840 1823 872 1872 il-

61 1894 117 1944 lata
128 1895 230 1962 paucis
247 1899 311 1944 ante
326 1891 425 1943 diebus
445 1889 533 1942 clade.
570 1888 639 1942 Nam
657 1891 817 1958 priusquam
838 1905 871 1940 eo

61 1963 282 2025 processissent,
301 1959 385 2010 alium
398 1957 585 2009 Triballorum
604 1957 756 2010 exercitum
770 1956 873 2020 adorti,

64 2030 109 2079 vix
120 2029 325 2096 quinquaginta
334 2040 447 2078 suorum
457 2026 577 2088 amissis,
597 2027 652 2078 tria
661 2023 802 2076 hominnm
812 2025 871 2075 mil-

65 2095 288 2149 liaocciderant.
693 2137 698 2146 .

112 2163 175 2216 Xll.
205 2163 306 2230 Syrmo
316 2176 384 2228 rege
395 2161 580 2230 nequidquam
591 2167 761 2229 oppugnata
778 2161 807 2212 iu
818 2158 870 2210 Ge·

65 2235 106 2280 tas
117 2231 260 2282 convertit
269 2233 414 2296 impetum,
435 2229 481 2297 qui
496 2231 526 2281 in
535 2229 670 2281 ulteriore
681 2229 742 2294 ripa
752 2233 871 2293 quatuor

65 2299 205 2362 equitum,
226 2298 321 2349 decem
334 2297 458 2363 peditum
467 2297 760 2348 millisinstruxerant.
795 2297 819 2346 ἱ.
838 2295 870 2346 ld

67 2365 220 2428 periculum
230 2371 353 2416 nontam
364 2379 459 2417 exusu
477 2364 546 2417 belli
566 2364 673 2423 sumsit,
695 2378 775 2429 quam
796 2365 870 2432 cupi·

67 2429 129 2480 dine
140 2431 243 2495 lamae,
254 2439 287 2484 ut
295 2434 442 2483 maximum
455 2432 585 2498 Europae
595 2429 705 2492 llumen,
720 2430 870 2482 defenden-

65 2495 140 2547 tibus
149 2498 335 2552 lerooissimis
346 2499 488 2566 gentibus,
507 2497 671 2552 transivisse
681 2498 796 2565 gloriari
807 2512 870 2565 pos·

70 2569 120 2613 set
158 2566 182 2616 3.
202 2567 214 2616 l
235 2567 291 2618 itur
309 2567 461 2635 equitibus,
481 2570 618 2634 quotquot
639 2579 738 2632 capere
760 2564 872 2629 navigia

67 2636 206 2696 poterant,
216 2635 364 2703 impositis,
375 2633 547 2700 pedestrium
556 2633 697 2699 copiarum
706 2638 811 2698 partem
819 2629 870 2679 lin·

66 2695 165 2761 tribus,
185 2716 301 2768 quorum
319 2702 360 2755 ibi
377 2717 478 2769 magna
496 2705 557 2752 erat
572 2702 661 2765 copia,
679 2700 752 2750 alios
762 2696 870 2748 utribus
