2054 3030
360 195 592 287 'uranum
623 217 721 270 car.
751 222 776 270 7.
928 218 977 270 us

166 319 204 370 ad
223 315 392 384 Euphratem
414 311 575 370 contendit:
606 319 756 386 iunctoque
777 336 810 372 eo
833 321 976 387 pontibus,

167 387 289 454 quinque
304 392 396 436 tamen
415 387 514 438 diebus
532 386 644 437 traiecit
660 388 826 449 exercitum,
849 387 977 440 Ciliciam

167 469 305 518 occupare
317 453 463 504 festinans.
503 456 527 503 2.
558 455 670 519 lamque
684 453 848 516 Alexander,
870 456 976 507 viribus

167 523 294 587 corporis
306 522 436 587 receptis,
454 521 488 571 ad
500 523 595 572 urbem
606 521 690 572 Solos
700 529 874 585 pervenerat:
896 524 975 574 cuius

165 593 282 655 potitus,
291 589 417 639 ducentis
428 589 541 640 talentis
553 589 664 639 nomine
675 587 779 637 multae
790 591 905 653 exactis,
917 593 976 640 arci

165 656 336 724 praesidium
352 657 470 706 militum
486 657 627 723 imposuit.
668 655 692 705 3.
712 653 787 706 Vota
804 657 903 707 deiude
923 673 974 722 pro

166 723 258 774 salute
283 729 414 789 suscepta
439 738 487 788 per
508 723 604 774 ludum
627 729 709 789 atque
736 723 823 772 otium
844 725 973 784 reddens,

166 791 299 853 ostendit,
312 795 416 858 quanta
426 789 530 840 fiducia
541 790 681 839 Barbaros
696 795 853 854 sperneret:
874 793 973 858 quippe

165 859 333 924 Aesculapio
349 865 377 909 et
391 858 535 907 Minervae
556 857 638 908 ludos
659 857 822 908 celebravit.
862 859 887 908 4.
908 857 974 923 Spe-

165 926 255 976 ctanti
269 927 382 975 nuntius
394 924 485 974 laetus
496 923 613 975 affertur
625 939 660 974 ex
671 924 886 975 Halicarnasso:
909 925 975 976 Per·

165 1009 213 1044 sas
224 995 285 1042 acie
297 1007 313 1040 a
326 992 385 1045 suis
397 1007 459 1042 esse
473 997 632 1058 superatos:
652 993 785 1059 Myndios
800 1007 924 1058 quoque,
945 1001 974 1042 et

165 1059 299 1119 Caunios,
315 1065 342 1108 et
353 1059 485 1125 pleraque
497 1065 600 1111 tractus
612 1061 671 1110 eius
683 1074 751 1111 suae
761 1057 837 1110 facta
848 1060 972 1112 ditionis.

164 1125 191 1176 5.
212 1126 301 1192 Igitur
312 1126 388 1176 edito
399 1128 559 1193 spectaculo
569 1127 690 1190 ludicro,
713 1129 870 1194 castrisque
880 1129 974 1189 motis,

167 1198 198 1244 et
209 1192 330 1258 Pyramo
341 1209 420 1245 anrne
431 1201 515 1260 ponte
526 1197 633 1258 iuncto,
643 1195 679 1246 ad
689 1195 785 1245 urbem
795 1197 903 1247 Mallon
913 1210 974 1263 per-

165 1261 253 1311 venit:
274 1260 339 1310 inde
356 1262 452 1312 alteris
473 1264 623 1314 cast1isad
641 1263 771 1330 oppidum
786 1265 975 1315 Castabulum.

163 1329 190 1380 6.
210 1327 253 1378 lbi
263 1328 411 1379 Parmenio
423 1333 485 1396 regi
497 1333 633 1393 occurrit,
654 1346 736 1397 quem
746 1333 929 1396 praemiserat
939 1331 976 1381 ad

164 1395 367 1460 explorandum
384 1399 438 1448 iter
452 1399 553 1461 saltus,
573 1413 623 1465 per
637 1400 765 1466 quemad
781 1400 877 1450 urbem
891 1400 973 1450 lsson

163 1464 278 1514 nomine
292 1466 492 1530 penetrandum
508 1473 576 1517 erat.
611 1468 636 1515 7.
655 1468 743 1534 Atque
763 1467 814 1517 ille
834 1467 973 1534 angustiis

164 1532 226 1582 eius
249 1532 406 1598 occupatis,
426 1538 455 1582 et
471 1533 612 1598 praesidio
631 1532 740 1584 modico
758 1535 872 1597 relicto,
892 1534 974 1585 lsson

163 1613 277 1666 quoque
289 1598 428 1649 desertam
439 1615 456 1648 a
465 1601 597 1651 Barbaris
609 1608 730 1668 ceperat.
765 1601 832 1652 lnde
844 1616 974 1669 progres-

163 1683 226 1727 sus,
246 1665 402 1716 deturbatis
422 1669 469 1732 qui
488 1667 624 1718 interiora
642 1669 777 1718 montium
797 1668 973 1727 obsidebant,

160 1733 315 1801 praesidiis
326 1739 427 1784 cuncta
437 1733 571 1784 firmarit:
585 1741 776 1800 occupatoque
788 1736 899 1795 itinere,
921 1735 974 1785 sic-

163 1806 195 1852 ut
205 1801 300 1866 paullo
312 1807 377 1850 ante
388 1800 493 1850 dictum
509 1806 563 1861 est,
586 1801 661 1849 idem
675 1807 703 1850 et
714 1806 812 1850 auctor
823 1808 851 1851 et
862 1801 973 1851 nuntius

161 1868 248 1920 venit.
284 1867 309 1918 8.
329 1868 410 1919 lason
420 1867 522 1918 deinde
533 1881 582 1918 rex
592 1867 690 1931 copias
700 1867 835 1917 admovit:
850 1867 898 1918 ubi
910 1882 973 1918 con-

161 1936 229 1987 silio
242 1934 349 1999 habito,
363 1942 493 1986 utrumne
508 1935 583 1986 ultra
593 1935 829 2001 progrediendum
838 1933 922 1996 foret,
939 1951 974 1984 an

161 2003 206 2054 ibi
217 2003 382 2069 opperiendi
393 2005 488 2067 esseut
498 2004 564 2053 novi
575 2003 694 2064 milites,
715 2017 785 2070 quos
796 2017 831 2054 ex
841 2002 974 2053 Macedo-

163 2071 214 2122 nia
224 2073 375 2122 adventare
387 2071 547 2134 constabat3
559 2071 706 2122 Parmenio
717 2086 773 2121 non
786 2072 871 2121 alium
881 2069 974 2121 locuni

160 2140 276 2206 proelio
299 2140 436 2204 aptiorem
455 2153 518 2190 esse
546 2138 686 2190 censebat.
731 2138 755 2188 9.
784 2139 892 2204 Quippe
913 2137 973 2189 illic

160 2207 310 2274 utriusque
328 2207 404 2273 regis
420 2208 517 2272 copias
530 2221 645 2257 numero
659 2205 768 2256 futures
777 2219 869 2272 pares,
890 2221 973 2273 quum

160 2277 313 2341 angustiae
324 2275 529 2325 multitudinem
539 2290 595 2324 non
612 2281 756 2340 caperent:
776 2273 920 2338 planitiem
932 2275 973 2340 ip-

161 2341 204 2393 sis
215 2356 383 2409 camposque
395 2356 457 2394 esse
465 2341 605 2403 vitandos,
617 2341 664 2390 ubi
675 2341 822 2404 circumiri,
840 2341 887 2392 ubi
898 2343 972 2392 anci·

159 2409 216 2527 piti
228 2410 291 2460 acie
307 2410 427 2474 opprimi
439 2414 573 2475 possent„
601 2409 728 2469 Timere,
748 2423 782 2459 ne
800 2425 855 2460 non
869 2412 971 2462 virtute

184 2477 295 2538 ostium,
305 2478 356 2527 sed
366 2477 531 2528 lassitudine
542 2491 593 2526 sua
603 2476 787 2528 vincerentur.
815 2477 916 2528 Persas
928 2491 971 2528 re-

158 2550 260 2597 centes
276 2544 394 2595 subinde
412 2559 606 2606 successuros,
626 2543 650 2592 si
663 2544 753 2594 laxius
769 2553 844 2596 stare
864 2544 971 2609 potuis·

157 2618 233 2666 sent.
272 2614 312 2662 10.
331 2611 428 2664 Facile
442 2613 515 2662 ratio
526 2617 583 2662 tam
599 2611 718 2662 salubris
734 2613 847 2663 consilii
856 2615 973 2674 accepta

155 2685 215 2732 est.
251 2679 350 2746 ltaque
364 2677 438 2730 inte'r
454 2681 598 2746 angustias
610 2678 705 2729 ¹saltus
721 2677 830 2730 bostem
849 2677 972 2741 opperiri

153 2749 269 2802 statuit.
311 2749 351 2796 ll.
378 2748 447 2798 Erat
460 2749 489 2798 in
503 2747 628 2798 exercitu
637 2747 716 2814 regis
728 2746 843 2798 Sisenes
856 2744 970 2794 Perses:
