2054 3030
81 225 131 277 148
301 222 472 283 QUINTI
502 221 668 274 CURTll

78 343 135 378 non
145 325 249 376 usitata
258 324 341 375 modo
352 324 501 392 praesidia,
513 324 563 375 sed
574 323 709 391 quaedam
719 323 803 374 etiam
814 319 891 374 nova

79 394 213 446 admovit.
248 391 373 460 Namque
385 393 419 442 ad
429 392 598 459 implicanda
611 393 731 460 navigia,
748 405 818 457 quae
827 407 890 441 mu-

77 477 126 513 ros
138 459 280 522 subibant,
295 460 396 510 validis
411 459 552 510 asseribus
563 474 663 510 corvos
675 466 703 508 et
712 458 820 508 ferreas
832 473 895 509 ma·

78 543 130 578 nus
151 523 228 594 [cum
241 527 320 578 uncis
341 543 373 577 ac
387 525 520 593 falcibus]
534 527 722 594 illigaverant,
742 531 781 586 ut,
802 539 891 591 quum

78 602 219 647 tormento
231 610 341 646 asseres
355 596 572 662 promovissent,
592 595 685 644 subito
700 592 802 644 laxatis
816 593 891 644 funi·

77 663 130 712 bus
140 663 298 713 iniicerent.
334 664 376 712 25.
394 661 465 712 Unci
476 676 586 729 quoque
599 667 627 712 et
637 660 725 710 falces
737 675 771 711 ex
786 661 890 710 iisdem

79 731 220 782 asseribus
241 730 441 796 dependentes,
461 735 508 780 aut
525 735 748 796 propugnatores
763 735 811 778 aut
827 728 891 796 ipsa

78 799 190 865 navigia
200 797 369 848 lacerabant.
399 797 521 864 Clypeos
533 811 598 846 vero
608 810 713 846 aeneos
723 795 811 845 multo
822 796 900 862 igne-

77 865 235 927 torrebant,
255 875 324 932 quos
335 864 459 930 repletos
470 863 579 914 fervida
589 879 674 914 arena
684 877 831 930 coenoque
843 863 890 913 de·

59 964 63 978 .
78 939 170 994 cocto,
188 932 297 984 emuris
309 930 401 981 subito
413 931 607 982 devolvebant.
643 930 684 982 26.
704 929 763 981 Noe
774 930 831 980 ulla
843 945 890 995 pe-

78 1001 129 1050 stis
140 1001 230 1066 mag-is
239 999 402 1048 timebatur:
422 1001 523 1066 quippe
535 999 583 1049 ubi
598 998 714 1049 loricam
731 1011 889 1065 corpusque

77 1069 190 1119 ferrens
205 1080 290 1116 arena
304 1072 508 1130 penetraverat,
527 1080 579 1116 nec
593 1065 651 1115 ulla
664 1066 691 1116 vi
704 1066 800 1116 excuti
811 1071 890 1132 pote·

77 1141 131 1197 rat,
152 1141 181 1185 et
202 1132 336 1199 quidquid
355 1133 496 1198 attigerat,
516 1133 677 1200 perurebat:
696 1133 889 1200 iacientesque

79 1216 164 1262 arma,
179 1200 312 1250 laceratis
327 1201 462 1262 omnibus,
480 1205 541 1267 quis
555 1202 665 1268 protegi
672 1205 815 1318 poterant,
831 1201 889 1250 vul·

78 1267 191 1319 neribus
201 1266 283 1316 inulti
293 1267 435 1333 petebant:
456 1269 532 1319 corvi
547 1281 613 1319 vero
634 1275 662 1318 et
685 1283 781 1320 erreae
792 1283 888 1318 manus

78 1334 227 1386 tormentis
240 1335 358 1384 emissae
371 1335 518 1402 plerosque
529 1335 683 1402 rapiebant.

116 1401 162 1452 lV.
184 1401 239 1451 lrlic
251 1417 302 1452 rex
311 1401 445 1470 fatigatus
457 1409 605 1466 statuerat,
626 1404 720 1455 soluta
731 1403 889 1467 obsidione,

78 1470 238 1536 Aegyptum
249 1475 355 1536 petere.
373 1470 481 1538 Quippe
489 1472 784 1540 quumrlsiamingcnti
791 1472 890 1522 celeri-

79 1544 137 1588 tate
150 1540 349 1602 percurrisset,
369 1539 445 1588 circa
459 1555 553 1591 muros
564 1541 645 1590 unius
657 1540 732 1590 urbis
745 1537 889 1602 haerebat,

78 1611 123 1655 tot
133 1605 312 1656 niaximarum
324 1622 416 1656 rerum
429 1609 638 1673 opportunitate
647 1607 772 1658 dimissa.
801 1610 827 1658 2.
839 1608 891 1659 Ge·

78 1681 169 1723 terum
180 1678 236 1722 tam
248 1673 395 1725 discedere
405 1675 527 1740 irritum,
548 1691 629 1742 quam
639 1677 743 1726 morari
754 1674 890 1741 pudebat;

78 1741 181 1791 lamam
192 1755 312 1808 quoque,
324 1758 378 1811 qua
388 1743 476 1808 plura,
492 1759 571 1810 quam
583 1744 676 1805 aruris,
688 1749 836 1805 everterat,
848 1758 891 1794 ra·

78 1815 124 1860 tus
138 1809 272 1861 leviorem
287 1809 358 1874 lore,
379 1812 403 1862 si
421 1813 536 1878 Tyrum,
555 1811 636 1878 quasi
648 1816 749 1863 testem
762 1825 793 1861 se
802 1825 890 1877 posse

78 1877 162 1938 vinci,
181 1877 352 1944 reliquisset.
389 1879 478 1945 Igitur
491 1893 525 1930 ne
543 1879 609 1946 quid
622 1879 796 1946 inexpertum
807 1879 890 1930 omit·

78 1949 167 2006 teret,
189 1944 282 2010 plures
295 1961 379 1996 naves
390 1946 533 1996 admoveri
543 1947 629 2008 iubet,
643 1946 827 2013 delectosque
839 1947 890 1996 mi·

77 2011 158 2062 litum
177 2012 291 2078 imponi.
328 2013 351 2063 3.
372 2011 493 2063 Etlorte
506 2012 601 2064 bellua
618 2014 768 2064 inusitatae
782 2014 891 2081 stagni-

77 2080 193 2140 tudinis‚
203 2093 289 2143 super
298 2079 376 2144 ipsos
387 2078 487 2130 fluetus
499 2079 583 2131 dorso
594 2081 889 2144 eminensadnolcn,

78 2163 160 2263 quam
171 2145 341 2196 Macedones
353 2145 490 2210 iecerunt,
508 2148 608 2216 ingens
624 2164 725 2215 corpus
740 2149 891 2216 applicuit;

98 2213 319 2278 iverberatisque
341 2211 470 2264 fluctibus
486 2214 610 2267 allevans
625 2222 726 2278 semet,
747 2217 830 2266 utrim
850 2230 891 2267 ue

78 2286 231 2345 conspecta
241 2285 297 2329 est:
333 2282 357 2331 l.
377 2281 478 2334 deinde
488 2298 505 2333 a
519 2285 611 2350 capite
625 2284 708 2335 molis
721 2299 816 2335 rursus
828 2232 890 2336 {dtu

78 2361 109 2398 se
123 2345 273 2408 immersit3
294 2362 328 2397 ac
343 2349 426 2400 modo
442 2353 626 2417 superandas
646 2352 771 2402 eminens
786 2365 894 2418 magua

79 2414 123 2464 sui
138 2419 230 2478 parte,
253 2414 335 2466 modo
354 2417 509 2485 superfusis
524 2417 655 2471 fluctibus
674 2418 796 2482 condita,
813 2417 894 2470 haisti

77 2481 177 2547 procul
191 2481 367 2535 munimentis
382 2486 460 2537 urbis
480 2487 602 2538 emersit.
638 2487 663 2538 5.
683 2487 815 2554 Utrisque
831 2486 894 2537 lae·

77 2555 122 2599 tus
132 2546 187 2599 luit
200 2547 311 2601 belluae
326 2552 488 2618 adspectus:
503 2554 674 2606 Macedones
687 2555 743 2606 iter
756 2553 811 2605 iaci

78 2616 158 2682 operi
171 2624 342 2670 monstrasse
356 2635 417 2671 eam
435 2621 654 2688 augurabantur-3
674 2623 766 2688 Tyrii,
781 2621 892 2688 Neptu·

78 2698 142 2733 aum
154 2686 282 2750 occupati
296 2688 380 2738 maris
396 2688 532 2739 vindicem
548 2689 699 2756 arripuisse
713 2689 836 2740 belluam
849 2688 892 2741 sa

78 2751 178 2822 rrrolem
194 2752 271 2804 brevi
286 2754 415 2821 proiecto
429 2756 578 2818 ruituram
598 2756 722 2824 laetique
736 2757 829 2808 osnins
839 2769 890 2820 eo,
