2098 3040
322 244 467 296 LIBER
493 244 527 294 ΧῚ
556 244 653 297 cAP.
684 248 707 297 l.
736 249 762 298 2.
890 245 939 298 389

134 347 387 416 gazaregiarapit,
408 345 600 413 conductaque
611 361 661 398 sex
670 347 787 398 millium
796 361 940 400 mercena·

132 418 240 466 riorum
258 429 348 476 manu,
366 413 394 464 in
410 413 551 480 Europam
572 413 675 463 eradit.
711 414 753 464 5⁰.
771 414 936 483 iampridem

134 483 207 534 enim
217 482 284 534 luxu
296 488 324 533 et
333 481 497 533 libidinibus
509 483 539 532 in
553 494 689 546 praeceps
702 486 817 544 tractus,
839 484 937 551 despe-

131 556 248 617 rataque
263 549 335 618 apud
349 563 446 667 regem
460 551 549 611 venia,
571 548 705 599 adversus
717 548 788 598 iram
803 550 892 615 ipsius
907 552 937 602 in

132 616 233 670 alienis
244 617 342 684 opibus
353 633 385 668 su
406 616 507 668 sidium
517 617 732 681 circumspicere
743 625 888 682 coeperat3
909 623 938 668 et

130 681 328 748 Athenienses,
340 698 457 752 quorum
467 698 522 734 nen
534 683 763 734 contemnendam
773 684 936 749 potentiam,

132 761 187 806 eta
206 754 242 805 ud
254 759 364 804 ceteros
376 751 501 802 Graecos
513 752 717 812 auctoritatem,
727 757 786 800 tum
797 751 937 802 occultum

129 822 158 872 in
200 820 340 873 acedonas
351 819 445 870 odium
456 824 546 878 norat,
558 817 656 869 sedulo
668 819 802 882 coluerat.
832 818 872 868 51.
884 818 937 868 lta-

131 903 184 956 que
194 902 272 954 spem
284 888 342 938 suis
352 885 486 948 faciebat,
497 883 684 938 Athenienses
696 885 817 937 adventu
827 900 880 937 suo
892 900 938 937 co·

129 957 220 1022 gnito,
241 955 386 1021 copiisque
397 960 426 1003 et
435 954 570 1020 pecuniis,
587 968 654 1020 quas
666 953 827 1014 adduceret,
842 967 939 1006 coram

128 1023 274 1089 inspectis,
286 1022 412 1087 protinus
423 1035 499 1072 arma
509 1021 682 1088 consiliaque
693 1021 852 1074 sociaturos
864 1035 937 1074 esse.

130 1088 201 1140 Nam
212 1088 285 1155 apud
296 1088 429 1156 populum
438 1089 594 1154 imperitum
606 1095 634 1138 et
643 1089 840 1155 mobilenr,per
850 1087 940 1141 homi·

131 1173 181 1207 nes
193 1157 335 1222 improbos
347 1160 375 1206 et
385 1157 503 1207 avaritia
516 1157 644 1218 venales,
666 1160 759 1209 omnia
771 1171 802 1208 se
817 1156 938 1208 muneri·

130 1224 183 1275 bus
195 1230 408 1276 consecuturum
419 1222 626 1346 existimabat}
795 1233 798 1240 '
863 1249 864 1259 ¹
933 1275 940 1284 ,

183 1293 216 1344 11.
235 1291 326 1359 Igitur
338 1287 455 1360 triginta
474 1293 591 1344 navibus
628 1293 723 1344 unium
736 1293 938 1357 transmittunt,

131 1361 364 1427 (promontorium
375 1368 419 1412 est
428 1361 541 1412 Atticae
550 1365 665 1426 terrae)
679 1361 753 1412 unde
768 1368 881 1428 portum
893 1376 938 1412 ur·

129 1429 174 1479 bis
185 1434 281 1494 petere
293 1429 483 1480 decreverant.
518 1432 543 1480 2.
562 1429 616 1480 llis
628 1430 759 1497 cognitis,
771 1444 822 1482 rex
831 1430 940 1498 Harpa·

129 1496 159 1546 lo
170 1493 441 1562 Atheniensibusque
451 1496 657 1547 iuxtainiestus
667 1497 789 1548 classem
799 1497 940 1563 parariiu·
1032 1527 1033 1530 =

129 1565 188 1624 bet,
198 1560 320 1614 Athenas
330 1565 458 1628 protinus
467 1563 615 1629 petiturus.
652 1563 676 1612 3.
699 1562 782 1623 Quod
792 1563 940 1614 consilium

133 1632 197 1682 dum
208 1631 306 1698 agitat,
326 1629 396 1679 clam
407 1629 506 1680 literae
518 1629 544 1678 ei
555 1629 716 1690 redduntur,
735 1629 891 1696 Harpalum
901 1631 943 1680 in·
1003 1673 1007 1682 .

132 1706 224 1750 trasse
236 1697 347 1766 quidem
357 1694 614 1762 Athenas,pecunia
624 1697 792 1748 conciliasse
804 1695 858 1748 sibi
868 1697 941 1763 prin·

133 1769 159 1818 ci
180 1765 358 1817 unianimes:
378 1779 453 1824 mox,
475 1763 596 1815 concilio
606 1763 698 1831 plebis
709 1761 815 1826 habito,
834 1765 942 1815 iussum

133 1782 203 1885 urle
212 1833 363 1895 excedere,
375 1831 411 1882 ad
421 1829 546 1882 Graecos
557 1831 661 1882 milites
672 1833 844 1898 pervenisse,
855 1847 872 1882 a
883 1833 942 1898 qui-

132 1903 185 1954 bus
195 1903 380 1968 interceptum
392 1905 421 1951 et
430 1898 599 1950 trucidatum
611 1897 756 1965 aquodam
762 1897 942 1966 Thymbrone
955 1893 957 1900 ’

133 1970 329 2036 perinsidias.
364 1969 389 2019 l.
407 1967 462 2018 llis
481 1967 574 2020 laetus
589 1969 618 2018 in
628 1967 769 2034 Europam
783 1967 941 2018 traiiciendi

135 2036 283 2088 consilium
295 2037 400 2087 omisit:
421 2034 472 2086 sed
483 2035 604 2098 exsules,
623 2041 736 2103 praeter
746 2049 796 2086 eos
808 2036 855 2104 qui
866 2035 942 2085 cirili

133 2104 271 2171 sanguine
282 2104 410 2169 adspersi
420 2109 513 2166 erant,
533 2103 621 2170 recipi
635 2105 668 2155 ab
679 2103 807 2155 omnibus
820 2103 942 2154 Graeco-

133 2188 197 2232 rum¹
205 2171 376 2234 civitatibus,
388 2175 449 2237 quis
459 2170 533 2237 pulsi
544 2178 632 2234 erant,
643 2171 735 2236 iussit.
771 2171 795 2222 5.
808 2169 844 2221 Et
854 2169 941 2222 Grae·

134 2243 169 2303 ci,
180 2238 254 2292 haud
266 2239 326 2290 ausi
336 2239 480 2304 imperium
493 2241 645 2305 aspernari,
657 2253 821 2306 quamquam
831 2239 941 2290 solven-

134 2307 230 2359 darum
249 2307 344 2375 legum
363 2306 393 2357 id
412 2306 577 2372 principium
597 2321 660 2358 esse
680 2305 844 2374 censebant,
867 2306 942 2358 bona

134 2389 188 2440 quo
210 2391 255 2440 ue,
268 2389 338 2442 quae
350 2379 501 2435 exstarent,
514 2375 666 2426 restituere
678 2374 824 2426 damnatis.
853 2375 877 2427 6.
890 2375 941 2426 So-

132 2441 202 2492 liAt
222 2445 361 2505 enienses,
381 2457 437 2493 non
454 2456 521 2493 suae
537 2442 632 2504 modo,
652 2442 703 2493 sed
717 2443 800 2494 etiam
811 2442 940 2511 publicae

132 2508 258 2562 vindices
269 2508 610 2572 libertatis,colluvicnem
622 2507 846 2578 hominumquia
856 2523 940 2576 aegre

132 2575 273 2642 ferebant,
283 2594 340 2630 non
349 2579 430 2646 regio
440 2577 569 2644 imperio,
580 2577 668 2630 setlle
689 2577 750 2630 ibus
761 2577 942 2644 moribusque

132 2646 232 2711 patriis
242 2649 305 2715 regi
315 2646 429 2710 assueti,
441 2643 608 2715 prohibuere
619 2593 735 2712 dullum
752 2647 778 2697 i.
791 2647 884 2698 omnia
893 2655 942 2712 po-

133 2712 190 2764 tius
212 2713 373 2776 toleraturi,
404 2728 484 2781 quam
503 2719 687 2783 purgamenta
705 2714 845 2782 quondam
864 2713 942 2765 urbis

133 2795 211 2844 suae,
222 2789 287 2834 tunc
299 2783 381 2833 etiam
392 2782 494 2846 exsilii,
507 2783 694 2836 admitterent.
731 2783 755 2835 8.
774 2782 942 2848 Alexander,
