2098 3040
163 187 213 236 414
379 182 550 244 QUINTI
580 181 747 237 GURTll

164 287 274 354 agmine
286 284 397 352 quietus
409 286 503 337 stetit:
530 286 572 336 21.
590 291 619 335 at
629 299 709 347 mox,
722 282 854 333 damnata
864 297 916 348 spe
928 299 975 334 sa·
1036 315 1037 342 2

163 354 242 414 lutis,
256 352 411 420 quum‘eius
422 353 547 415 nomine,
569 367 651 420 quem
663 351 724 418 ipse
739 349 848 401 iecerat
861 365 978 418 regem,
1036 343 1037 392 l

162 423 190 471 in
202 419 354 486 perniciem
367 435 445 471 suam
460 420 606 470 abutentes
620 419 730 470 rideret
744 418 887 479 inimicos,
905 433 977 470 con·
1036 417 1037 464 l

161 489 236 556 fugit
249 489 278 537 in
293 487 437 554 templum:
467 502 499 538 ac
516 487 620 537 ueloci
636 485 748 554 quidem
765 484 909 552 religione
925 486 975 536 de·
1036 481 1037 536 3

161 555 268 618 sensus,
280 555 427 607 occiditur.
901 591 904 598 .
1036 559 1037 622 ᾗ

213 622 248 674 X.
268 621 417 688 Perdicca,
428 622 564 690 perducto
574 622 604 671 in
614 621 710 672 urbem
722 623 861 684 exercitu,
878 621 974 672 consi·
1036 623 1037 678 l

163 693 231 742 lium
251 691 406 758 principum
424 691 547 740 virorum
564 688 674 750 habuit,
695 689 724 738 in
744 703 798 755 quo
820 689 973 755 imperium
1036 689 1037 728 ἶ

162 761 203 810 ita
213 757 299 808 dividi
310 757 428 825 placuit,
445 763 477 808 ut
493 771 543 808 rex
554 757 665 824 quidem
677 772 811 806 summam
822 757 884 807 eius
897 755 972 808 obti-
1036 771 1037 814 ξ

162 832 255 890 neret3
280 831 405 892 satrapes
416 824 595 876 Ptolemaeus
606 826 644 875 de
705 825 727 874 ti
743 822 972 892 ethlricaegen·
1036 821 1037 840 ³

161 896 244 956 tium,
265 907 336 960 quae
350 895 380 944 in
394 893 500 944 ditione
515 897 602 943 erant.
638 894 661 942 2.
693 891 870 946 iaomedonti
886 889 972 959 Syria
1036 899 1037 902 ’

164 977 226 1013 oum
236 959 379 1011 Phoenice
395 961 460 1011 data
474 966 530 1011 est:
552 957 682 1011 Philotae
698 959 798 1076 Cipicia
813 959 971 1010 destinata:
1036 1019 1037 1022 Ἴ

162 1029 280 1096 Lyciam
292 1044 353 1079 cum
362 1025 527 1095 Pamphylia
543 1032 571 1078 et
584 1027 690 1078 maiore
702 1027 725 1076 P
746 1028 830 1096 rygia
840 1027 972 1078 obtinere
1036 1037 1037 1082 i

163 1099 257 1147 iussus
271 1095 439 1164 Antigonus:
469 1097 499 1146 in
509 1096 618 1148 Cariam
630 1095 798 1157 Cassander,
813 1095 973 1146 Menander

164 1167 191 1215 in
202 1164 322 1231 Lydiam
332 1164 419 1216 mirsi.
439 1164 462 1214 3.
475 1161 627 1231 Phrygiam
637 1161 971 1230 minoremHellosponto
1036 1199 1037 1220 ι

164 1233 322 1283 adiunctam
353 1230 492 1282 Leonnati
521 1231 692 1297 provinciam
723 1245 786 1283 esso
814 1232 893 1282 iusse
951 1237 971 1281 t.
1036 1229 1037 1286 l

165 1297 342 1364 Cappadocia
351 1298 468 1349 Eumeni
479 1313 540 1348 cum
551 1297 746 1366 Paphlagonia
756 1299 850 1350 cessit.
908 1313 971 1349 rae·
1036 1295 1037 1308 ¹

164 1371 273 1432 ceptum
285 1371 340 1423 est,
360 1371 391 1414 ut
406 1366 551 1433 regionem
565 1381 730 1433 eamusque
740 1366 776 1417 ad
786 1367 972 1432 Trapezunta

164 1430 341 1493 defenderet,
360 1432 465 1482 bellum
483 1447 545 1484 cum
556 1431 702 1484 Ariarathe
724 1443 845 1502 gereret.
866 1459 869 1464 ¹
884 1431 970 1486 Solus

164 1499 396 1550 hicdetrectabat
413 1501 568 1568 imperium.
603 1502 628 1554 l.
647 1499 750 1552 Pithon
761 1501 898 1564 Mediam,
912 1501 970 1569 Ly·
1036 1527 1037 1534 ι

164 1566 304 1620 simachus
314 1567 462 1618 Thraciam
475 1570 672 1637 appositasque
683 1567 821 1620 Thraciae
832 1569 970 1622 Ponticas
1036 1625 1037 1628 ,

164 1642 263 1706 gentes
286 1636 413 1687 obtinere
432 1637 511 1688 iussi.
550 1638 604 1698 Qui
613 1637 722 1700 Indiae,
743 1639 845 1705 quique
855 1637 970 1689 Bactris

164 1711 192 1755 at
203 1703 366 1771 Sogdianis,
379 1705 537 1772 ceterisque
547 1713 596 1756 aut
607 1705 712 1756 Oceani
723 1711 771 1756 aut
781 1704 868 1756 Rubri
883 1706 970 1756 maris

163 1771 268 1823 accolis
278 1777 439 1838 praeerant,
460 1773 558 1840 quibus
573 1774 689 1840 quisque
699 1773 801 1825 finibus
812 1770 970 1837 habuisset,
1036 1789 1037 1826 ι

162 1840 274 1906 imperii
284 1840 367 1890 etiarn
377 1841 421 1890 ius
432 1841 600 1903 obtinerent,
611 1841 754 1896 decretum
764 1846 819 1903 est;
831 1839 971 1893 Perdicca

163 1915 196 1958 ut
204 1923 266 1958 cum
276 1922 343 1974 rege
355 1914 439 1970 essct,
458 1908 603 1975 copiisque
613 1916 771 1974 praeesset,
789 1922 858 1976 quae
868 1922 901 1958 re
927 1925 970 1961 em
1036 1905 1037 1954 ἶ

164 1975 360 2044 sequebantur.
382 1975 407 2025 5.
427 1977 579 2028 Credidere
591 1977 711 2043 quidam,
721 1981 891 2028 testamento
931 1977 969 2027 le·
1036 2037 1037 2040 Ἴ

163 2043 263 2095 xandri
276 2043 439 2094 distributas
454 2060 516 2098 esse
530 2044 702 2110 provinciam
730 2043 1037 2096 scaranensem-1

162 2111 214 2172 rei,
226 2123 390 2178 quamquam
401 2111 436 2163 ab
448 2112 608 2163 auctoribus
618 2113 721 2164 tradita
731 2119 889 2175 est‚vanam
898 2110 968 2162 fuis·

164 2194 194 2228 se
210 2178 404 2246 comperimus.
440 2180 464 2232 d.
484 2179 519 2231 Et
535 2180 645 2248 quidem
666 2181 867 2248 suasquisqtre
890 2195 966 2247 opes,
1036 2181 1037 2238 ζ

165 2247 261 2297 divisis
274 2247 385 2312 imperii
395 2248 531 2314 partibus,
541 2248 705 2300 tuebantur:
725 2263 793 2315 quas
802 2251 859 2315 ipsi
870 2247 967 2299 funda-

162 2320 274 2376 verant,
297 2315 322 2365 si
335 2330 453 2381 unquam
470 2317 603 2368 adversus
617 2316 782 2368 immodicas
798 2315 967 2384 cupiditates

162 2381 404 2434 terminusstaret.
439 2386 464 2435 7.
485 2385 593 2451 Quippe
606 2384 701 2452 paullo
717 2391 781 2435 ante
798 2385 876 2452 regis
890 2383 969 2434 mini·
1036 2381 1037 2412 ³

163 2449 227 2512 stri,
239 2451 332 2514 specie
343 2451 453 2518 imperii
465 2453 549 2504 alieni
560 2451 740 2518 procurandi,
756 2452 861 2520 singuli
871 2451 966 2516 ingen·
1036 2457 1037 2490 ῑ

161 2517 203 2567 tia
217 2516 377 2569 invaserant
394 2533 493 2587 regna3
524 2520 642 2572 sublatis
663 2521 845 2572 certaminum
866 2520 965 2580 causis,

163 2601 245 2650 quum
257 2590 287 2636 et
297 2600 393 2637 omnes
413 2589 537 2640 eiusdem
550 2590 644 2656 gentis
659 2595 765 2649 essent,
787 2593 815 2638 et
829 2603 847 2637 a
864 2586 966 2637 ceteris

162 2653 460 2720 suiquisqueimperii
475 2658 591 2724 ragione
611 2655 735 2707 discreti.
771 2656 795 2707 8.
819 2654 875 2708 Sed
893 2653 965 2705 difli-
1036 2669 1037 2672 ¹

162 2714 216 2769 cile
228 2727 289 2772 erat
299 2735 333 2772 eo
345 2728 492 2775 contentos
504 2739 579 2788 esse,
595 2723 669 2792 quod
682 2723 823 2776 obhrlerat
837 2722 965 2773 occasio:
