2082 3042
291 199 443 252 LIBER
473 202 525 253 lX.
554 204 648 254 CAP.
679 207 703 254 1.
731 208 756 255 2.
878 205 927 257 353

125 301 285 356 Alexander
298 303 461 354 admoverat
475 306 579 370 copias,
600 304 634 353 ab
648 305 709 370 ipso
723 305 760 358 So
781 305 839 358 hite
857 308 929 358 ohti-

125 372 251 423 nebatur.
289 369 407 422 clausae
423 376 503 422 erant
515 376 629 437 portae3
649 370 700 421 sed
713 323 783 424 arulfi
796 375 825 424 in
842 377 929 426 muris

124 438 301 505 turribusque
323 453 353 489 se
372 438 471 493 armati
492 437 688 489 ostendebant:
711 438 930 511 dubitabantque

124 504 304 567 Macedones,
315 507 541 557 deseruissentne
551 505 648 556 urbem
659 505 778 567 incolae,
784 522 817 556 an
828 507 926 562 fraude

123 587 154 624 se
165 572 337 636 occulerent3
358 575 399 624 28.
416 588 508 640 quum,
520 572 613 623 subito
624 571 765 638 patefacta
776 581 864 636 porta,
876 592 927 628 rex

123 639 206 691 lndus
217 655 277 690 cum
288 640 397 691 duobus
409 640 511 690 adultis
522 639 587 690 liliis
600 639 722 690 occurrit
729 677 736 702 ,
756 639 872 690 multum
886 645 926 693 in-

122 715 167 758 ter
188 722 282 758 omnes
301 707 437 758 barbaros
458 706 583 758 eminens
603 709 729 772 corporis
745 707 849 773 specie.
884 710 925 758 29.

122 773 216 826 Vestis
236 781 297 826 erat
316 789 385 825 auro
406 788 580 841 purpuraque
598 774 738 835 distincta,
761 776 926 840 quaeetiam

122 856 202 892 crura
213 842 336 893 velabat:
355 841 447 891 aureis
460 840 546 891 soleis
560 843 718 891 inseruerat
730 856 868 908 gemmas:
889 843 927 892 la·

121 909 190 960 certi
203 923 313 974 quoque
324 914 354 959 et
363 905 480 958 brachia
489 908 647 974 margaritis
659 914 758 959 ornata
768 912 855 959 erant.
885 911 925 960 30.

120 975 286 1027 Pendebant
302 990 338 1026 ex
351 976 464 1026 auribus
477 975 604 1042 insignes
618 975 741 1026 candore
752 981 781 1026 et
790 978 927 1042 magnitu-

120 1042 185 1092 dine
195 1041 295 1106 lapilli.
321 1041 456 1094 Batulum
467 1057 579 1093 aureum
590 1042 694 1110 berylli
705 1042 924 1110 distinguebant:

121 1125 176 1176 quo
187 1109 290 1159 tradito
301 1115 443 1176 precatus,
454 1116 485 1160 ut
495 1125 593 1175 sospes
606 1112 756 1175 acciperet,
768 1125 798 1161 se
809 1110 926 1162 liberos-

121 1191 175 1293 3ue
187 1181 335 1243 etgentmn
346 1192 424 1228 suam
435 1177 550 1230 dedidit.
587 1179 628 1228 31.
648 1177 764 1229 Nobiles
780 1179 815 1228 ad
825 1192 925 1228 venan-

141 1259 185 1294 um
200 1259 283 1294 canes
298 1245 326 1294 in
342 1258 376 1295 ea
391 1245 508 1312 regione
519 1251 595 1296 sunt:
615 1245 719 1296 latratu
730 1245 872 1296 abstinere
885 1245 925 1294 di·
946 1247 947 1254 ’

120 1318 227 1374 cuntur,
241 1326 323 1378 quum
334 1312 429 1362 videre
440 1311 537 1375 ieram,
548 1312 676 1364 leonibus
688 1313 807 1364 maxime
817 1312 923 1364 infesti.

119 1379 160 1429 32.
179 1379 286 1429 Horum
297 1379 352 1430 vim
363 1385 394 1431 ut
403 1382 566 1432 ostenderet
574 1381 744 1442 Alexandro,
764 1382 793 1430 in
808 1396 924 1447 conspe-

119 1453 165 1496 ctu
175 1446 285 1498 leonem
296 1448 415 1498 eximiae
425 1448 624 1513 magnitudinis
633 1448 718 1497 iussit
729 1449 831 1508 emitti,
848 1454 877 1498 et
887 1446 925 1498 lV

118 1514 230 1564 omuino
243 1513 385 1562 admoveri
397 1528 493 1573 canes,
515 1515 564 1578 qui
577 1513 708 1562 celeriter
718 1520 925 1578 occupaverunt

116 1580 219 1640 feram3
231 1594 313 1645 quum
325 1593 360 1628 ex
370 1579 418 1640 iis,
432 1580 480 1646 qui
490 1579 676 1630 adsueverant
685 1578 789 1629 talibus
799 1579 924 1628 ministe-

115 1649 177 1709 riis,
185 1646 348 1704 anaemaris
359 1644 509 1696 leonicum
520 1644 583 1695 aliis
593 1642 764 1696 inhaerentis
775 1661 839 1695 crus
850 1645 923 1694 avel-

117 1715 188 1775 lere,
196 1713 304 1778 etquia
318 1727 372 1762 nou
384 1712 562 1779 sequebatur,
573 1710 649 1762 ferro
661 1717 804 1777 amputare
818 1713 923 1776 coepit:

118 1783 160 1833 33.
172 1794 224 1830 nec
234 1783 275 1830 sic
285 1778 396 1846 quidem
406 1777 561 1847 pertinacia
571 1778 653 1842 victa,
663 1793 760 1828 rursus
771 1779 854 1828 aliam
864 1793 925 1844 par-

117 1857 176 1900 tem
187 1861 283 1898 secare
294 1847 408 1910 institit,
425 1852 454 1898 et
463 1846 528 1898 inde
540 1860 595 1897 non
606 1846 721 1913 segnius
731 1842 924 1895 inhaerentem

117 1917 194 1968 ferro
216 1915 333 1973 subinde
354 1914 497 1966 caedebat.
533 1913 584 1964 llle
599 1913 628 1963 iu
641 1913 756 1963 vulnere
771 1910 848 1962 ferae
859 1911 925 1962 den·

116 1992 162 2035 tos
184 1967 365 2033 moribundus
387 1996 497 2049 quoque
516 1981 655 2032 infixerat.
692 1981 811 2030 Tantam
824 1981 852 2030 in
867 1979 924 2029 illis

118 2049 285 2102 animalibus
305 2049 339 2098 ad
358 2049 514 2100 venandum
538 2049 718 2115 cupiditatem
741 2048 923 2114 ingenerasse

116 2109 254 2170 naturam*
272 2119 424 2168 memoriae
452 2116 593 2183 proditum
623 2122 673 2167 est.
718 2115 759 2166 34.
787 2115 809 2164 E
831 2112 922 2164 uidem

116 2189 198 2254 plara
217 2182 391 2243 transcribo,
413 2195 494 2250 quam
514 2185 612 2236 credo:
631 2199 694 2234 nam
715 2196 766 2232 nec
787 2197 803 2231 a
834 2195 924 2231 rmore

118 2255 253 2313 sustineo,
265 2251 300 2302 de
312 2251 411 2318 quibus
423 2251 533 2313 dubito;
555 2266 606 2302 nec
617 2249 868 2316 subducere,.quae
879 2264 923 2300 ac-

118 2321 188 2388 cepi.
224 2319 266 2371 35.
284 2319 395 2400 Relicto
414 2318 502 2385 igitur
512 2317 628 2399 §ophite
642 2317 676 2434 liln
697 2331 748 2398 suo
769 2331 868 2384 regno,
887 2317 922 2398 ad

116 2385 390 2522 latinitati
406 2384 922 2522 latitia‚ltliitttfarlis

117 2537 187 2591 geas
200 2526 259 2572 erat
269 2523 361 2588 gentis
372 2523 515 2590 proximae
526 2536 585 2583 rex,
603 2521 659 2588 qui,
673 2521 854 2638 popularibus
865 2519 923 2570 suis

117 2589 212 2641 colere
224 2605 321 2656 agros,
331 2595 364 2640 ut
373 2590 572 2652 adsueverant,
583 2589 678 2649 iussis,
690 2590 711 2639 A
725 2587 848 2639 euandro
861 2599 923 2636 cum

115 2658 198 2708 donis
212 2658 342 2719 occurrit,
354 2657 432 2721 nihil,
444 2657 518 2728 quod
529 2660 688 2725 imperaret,
699 2657 869 2707 detrectans.

165 2724 339 2844 griffini?
360 2727 434 2794 apud
457 2742 519 2779 eum
538 2725 663 2778 substitit
680 2739 742 2842 rix:
772 2721 857 2772 tertio
877 2721 922 2771 die
