2036 3030
161 207 476 262 surraumuurn.
496 208 572 258 ms.
591 209 612 259 1.
632 197 714 261 cir.
734 212 758 262 a.
831 211 862 261 ra

59 328 88 364 re
100 311 238 363 crederet.
272 311 314 361 2⁰.
331 311 413 360 Certe
424 290 518 376 paullo
529 316 595 360 ante
605 317 732 373 mortem,
745 311 862 362 Cassan·

58 380 108 430 dro
121 379 232 429 obiecta
245 377 317 442 patri
335 393 386 429 suo
401 379 517 429 crimina
527 384 670 444 purgante,
687 379 861 430 exclamasse

58 447 159 498 ferturt
179 445 375 496 Aristotelicas
392 446 532 496 versutiae
553 443 804 496 machinationibus
818 446 859 496 in-

58 519 193 565 structum
202 515 326 572 venisse,
345 517 376 562 ut
385 514 474 563 iustas
485 512 604 562 aliorum
615 513 743 579 querelas
752 512 860 564 fallaci·

56 582 108 633 hus
130 583 247 648 argutiis
268 580 407 630 eluderet:
436 582 477 631 21.
496 579 597 631 deinde
611 580 735 645 utrique,
755 581 781 631 si
794 596 861 632 vera

57 663 128 716 quae
140 649 315 699 deferrentur
325 648 517 714 comperisset,
532 646 635 697 malum
645 647 776 698 minatum
787 663 860 710 esse,

57 724 112 766 tam
123 715 280 766 vehementi
290 715 414 776 vultu,ut
425 714 472 766 diu
482 721 546 780 post
555 715 615 764 eius
621 713 771 776 interitum,
778 729 861 782 quum

56 783 130 835 forte
141 783 310 845 Cassander,
324 788 382 833 tum
392 797 485 832 rerum
494 783 523 831 in
536 781 655 833 Graecia
666 786 777 848 potens,
795 785 861 833 ima-

57 853 149 918 ginem
164 850 315 902 Alexandri
328 848 446 914 Delphis
461 849 581 916 positam
599 849 764 910 intueretur,
782 864 861 900 revo-

56 925 134 969 catus
144 919 174 968 in
185 917 306 984 periculi
315 917 358 966 sui
369 917 543 977 memoriam,
557 922 619 967 toto
632 930 751 982 corpore
763 915 861 967 cohor·

56 989 153 1037 ruerit.
189 988 232 1036 22.
253 984 331 1045 Quae
346 998 392 1034 res
402 983 549 1035 Aristoteli
565 985 647 1035 etiam
661 999 779 1051 magnae
791 983 859 1034 infa-

57 1055 129 1104 miae
141 1053 256 1103 occasio
267 1050 332 1101 iuit:
353 1052 452 1120 quippe
466 1066 613 1114 venenum,
633 1067 687 1118 quo
704 1052 859 1103 Alexander

57 1123 178 1188 periisse
199 1115 321 1170 creditus
336 1126 388 1180 est,
407 1136 463 1170 non
476 1119 592 1170 alterius
610 1120 725 1187 ingenio
743 1122 861 1187 equinae

56 1188 181 1256 ungulae
191 1186 318 1249 inditum,
338 1193 367 1238 et
375 1187 548 1254 Babylonem
560 1187 750 1252 deportatum,
766 1203 862 1238 rumor

57 1258 215 1324 suspicatus
227 1261 278 1306 est.
313 1256 354 1306 23.
375 1254 710 1316 Adamavitetmusicam‚
727 1257 808 1322 eique
819 1271 862 1306 se·

56 1325 126 1376 mam
137 1323 220 1374 initio
233 1337 345 1390 operam
356 1322 444 1372 dedit:
465 1323 555 1373 donec
565 1323 862 1374 contumeliosainter·

58 1392 208 1458 rogatione
223 1391 322 1456 patris,
344 1390 443 1456 ecquid
460 1389 578 1456 puderet
591 1397 648 1441 tam
665 1391 734 1440 scite
747 1390 863 1440 caneret

57 1461 134 1510 velut
143 1463 232 1509 artem
243 1473 309 1508 suae
324 1459 465 1509 maiestati
480 1458 653 1519 indecoram,
673 1459 861 1526 negligentius

58 1532 179 1578 tractare
191 1525 293 1593 coepit.
329 1526 370 1576 24.
391 1524 452 1585 Quo
469 1526 578 1591 quidem
593 1531 717 1593 tempore
727 1527 861 1592 uragistro

58 1592 192 1644 chordam
203 1593 338 1658 quandam
349 1607 384 1642 ex
395 1593 463 1642 artis
474 1593 863 1660 praescriptopulsareiuben-

59 1662 91 1722 ti,
110 1659 177 1727 quid
189 1667 277 1709 autem
290 1658 405 1776 raperet,
423 1659 523 1725 inquit,
539 1661 563 1710 si
576 1660 646 1711 hanc
657 1659 815 1727 pulsavero?
834 1662 863 1709 in

58 1729 140 1778 aliam
150 1726 299 1777 intendens
329 1727 435 1790 igitum.
470 1727 505 1775 At
514 1727 575 1785 ille,
593 1725 662 1776 nihil
673 1728 778 1777 referre
790 1728 863 1778 futu-

58 1796 80 1845 ri
91 1791 182 1862 regis',
204 1793 292 1844 futuri
304 1798 396 1842 autem
406 1790 562 1843 citharoedi
572 1793 692 1853 referre,
708 1794 862 1858 respondit.

58 1862 98 1912 25.
118 1862 285 1913 Delectatus
305 1860 437 1926 deinceps
458 1865 502 1909 est
519 1859 645 1910 masculo
666 1866 760 1920 cantu,
780 1875 863 1926 quum

58 1930 157 1982 molles
168 1929 273 1981 fractas
294 1943 329 1979 ue
340 1926 546 1978 modulationes
558 1933 588 1978 ut
598 1927 748 1993 perniciem
756 1942 864 1978 morum

59 2003 242 2048 aversaretur.
276 1944 341 2057 ‘huo
353 1995 464 2046 nomine
475 1995 593 2046 maxime
610 1995 752 2062 amplexus
763 2001 807 2045 est
817 1996 864 2046 'ri-

60 2063 212 2124 motheum,
229 2065 298 2115 artis
310 2065 370 2114 eius
380 2062 557 2129 professione
567 2063 715 2114 celebrem.
751 2063 792 2112 26.
811 2062 863 2113 llle

61 2132 144 2194 enim,
155 2131 367 2182 accommodata
377 2132 411 2181 ad
421 2131 563 2198 ingenium
574 2131 649 2183 illius
661 2131 792 2193 scientia,
807 2146 864 2181 mo-

62 2198 105 2259 do,
119 2215 200 2266 quem
211 2197 364 2266 Phrygium
374 2199 527 2264 appellant,
538 2199 579 2249 ita
588 2199 738 2267 aliquando
750 2213 811 2249 eum
819 2214 864 2250 ra-

63 2267 300 2332 puit,uttanquam
311 2266 404 2317 divino
416 2267 547 2318 instinctu
559 2267 756 2318 exardesceret
763 2267 864 2331 animo,

62 2340 98 2393 et,
108 2335 347 2402 velutpropinquo
358 2337 412 2384 iam
424 2333 514 2396 hoste,
525 2334 560 2385 ad
571 2350 647 2385 mma
658 2335 793 2400 capienda
801 2351 864 2403 pro-

63 2400 160 2453 siliret.
197 2404 238 2454 21.
254 2403 439 2470 Eloquentiae
450 2403 534 2452 etiam
544 2402 594 2453 suh
605 2404 773 2453 Anaximene
784 2403 864 2453 Lam·

63 2482 182 2532 psaceno
193 2465 312 2522 studuit:
324 2484 394 2536 quae
404 2485 449 2520 res
457 2470 633 2536 postmodum
645 2469 865 2521 incolumitatem

64 2535 124 2585 urbi
136 2539 236 2600 attulit,
257 2553 338 2605 quum
352 2537 500 2588 Persarum
516 2537 616 2603 opibus
633 2537 790 2588 studentem
803 2537 865 2588 Ale-

63 2603 168 2655 xander
178 2605 287 2656 diruere
298 2605 501 2656 constituisset.
536 2605 577 2655 28.
593 2605 777 2671 conspicatus
793 2604 865 2654 enim

65 2670 257 2724 Anaximenem
268 2679 347 2724 extra
354 2671 864 2738 moeniaprodeuntemmecdubitans,

66 2737 865 2808 quinpropatriadeprecatumvenissetGraecorumDeos
