2082 3042
108 177 158 231 tlt
325 174 496 236 QUINTI
523 173 689 227 CUR'l'll

107 285 243 337 senserat,
254 277 362 328 belluas
374 277 420 342 agi
430 278 524 330 iussitt
544 277 595 327 sed
606 277 716 328 tardum
726 281 756 326 et
764 289 854 341 paene
863 276 915 327 im·

105 345 210 398 mobile
221 343 324 394 animal
334 358 467 410 equorum
479 344 654 395 velocitatem
664 357 786 411 aequare
796 358 854 394 non
884 359 915 394 ο·

106 417 189 464 terat.
225 408 265 461 19.
284 409 343 462 Nec
358 411 523 477 sagittarum
537 412 648 477 quidem
658 411 733 463 ullus
744 357 921 474 eresburgo„

106 481 145 531 ris
155 493 232 529 usus.
268 478 378 544 Quippe
388 479 487 545 longas
499 485 528 529 et
538 493 717 545 praegraves,
732 479 787 529 nisi
797 479 874 543 prius
884 479 917 530 in

106 553 183 598 terra
192 551 348 597 statuerent
356 560 462 608 arcum,
482 543 556 596 haud
571 547 639 597 satis
649 552 714 612 apte
725 553 755 598 et
767 545 916 597 commode

107 616 259 682 imponunt.
295 615 376 673 Tum,
395 611 478 662 humo
492 612 601 664 lubrico
616 621 644 664 et
658 613 694 665 ob
704 613 734 665 id
743 612 915 681 impediente

108 687 247 742 conatum,
266 678 415 731 molientes
426 680 507 742 ictus,
530 680 675 732 celeritate
691 679 814 732 hostium
831 695 915 732 occu-

107 749 252 817 pabantur.
280 750 321 797 2⁰.
332 747 408 814 Ergo
420 754 515 813 spreto
526 750 603 815 regis
612 749 741 814 imperio,
753 749 842 815 (quod
852 747 915 799 iere

107 815 200 876 iit‚ubi
210 814 328 865 turbatis
339 815 431 866 acrius
442 821 532 866 metus
543 830 624 881 quam
634 815 691 866 dux
700 817 839 880 imperare
850 830 915 867 coe-

3 909 6 914 ·
125 885 159 946 it)
180 881 295 934 totidem
315 888 395 932 erant
412 883 607 950 imperatores,
627 889 695 949 quot
713 885 824 948 agmina
839 897 915 934 erra-

105 898 182 1002 Kant.
218 951 260 999 21.
278 949 356 1000 Alius
365 949 483 1016 iungere
494 950 592 1012 aciem,
603 949 675 1000 alius
686 949 822 1011 dividere,
837 957 915 1001 stare

107 1017 227 1086 quidem,
251 1022 279 1068 et
292 1016 420 1067 nonnulli
432 1015 601 1070 circumvehi
612 1023 694 1084 terga
703 1015 826 1068 hostium
837 1018 915 1069 iube-

105 1085 183 1136 bant.
218 1082 295 1134 Nihil
320 1085 349 1134 in
371 1085 493 1136 medium
516 1084 724 1136 consulebatur.
761 1086 803 1136 22.
822 1084 915 1135 Porus

107 1159 199 1203 tamen
210 1166 271 1201 cum
282 1152 387 1216 paucis,
409 1151 509 1217 quibus
518 1158 594 1203 metu
604 1153 699 1217 potior
707 1151 802 1202 iuerat
815 1152 915 1219 pudor,

107 1218 244 1284 colligere
255 1216 408 1282 dispersos,
420 1217 518 1268 obrius
529 1215 605 1268 hosti
615 1220 657 1269 ire
667 1220 772 1286 pergit,
784 1218 916 1285 elephan-

105 1292 209 1349 tosque
224 1289 287 1333 ante
303 1298 402 1349 agmen
416 1299 531 1336 suorum
541 1287 588 1352 agi
598 1287 685 1337 iubet.
721 1286 762 1338 28.
781 1286 917 1354 Magnum

106 1350 218 1402 belluae
233 1351 357 1400 iniecere
370 1355 520 1415 terrorem3
541 1353 728 1421 insolitusque
743 1353 917 1408 stridornon

108 1432 196 1484 equos
208 1417 302 1480 modo,
324 1423 381 1468 tam
390 1419 520 1484 pavidum
531 1420 566 1470 ed
578 1422 670 1471 omnia
682 1421 792 1483 animal,
812 1421 863 1472 aed
874 1422 916 1471 vi-

106 1498 277 1552 torqueque
290 1485 470 1552 ordinesque,
489 1486 659 1538 turbaverat.
695 1489 736 1538 24.
755 1488 812 1540 Iam
829 1487 916 1556 fugae

107 1553 228 1604 circumc
247 1552 370 1604 iciebant
378 1553 479 1615 locum,
491 1555 586 1619 paullo
599 1561 664 1606 ante
675 1557 810 1619 victorem
830 1571 916 1622 quum

106 1620 213 1672 Alexan
235 1621 412 1688 errlgrianoe
423 1628 452 1672 et
462 1621 587 1673 Thracas
596 1622 698 1674 leviter
708 1629 843 1686 armatos,
857 1639 915 1674 me-

106 1688 206 1740 liorem
217 1688 432 1740 concursatione
444 1703 525 1756 quam
535 1689 660 1740 cominus
670 1690 799 1751 militem,
821 1691 916 1742 emisit

104 1756 134 1806 in
143 1755 262 1808 belluas.
298 1755 341 1806 25.
358 1755 503 1824 ingentem
517 1757 539 1808 ii
553 1759 608 1808 vim
619 1756 739 1809 telorum
749 1758 875 1808 iniecere
886 1765 916 1808 et

106 1820 263 1889 elephantis
284 1830 313 1874 et
330 1824 493 1890 regentibus
513 1838 572 1876 eoa.
609 1821 735 1876 Phalanx
769 1826 914 1892 uoqucin-

106 1896 182 1942 atere
203 1895 366 1943 constanter
388 1892 494 1942 territis
518 1891 621 1958 coepit.
657 1892 698 1943 26.
723 1891 759 1944 Se
800 1894 914 1960 quidam

105 1957 215 2009 avidius
254 1958 377 2009 eraecuti
392 1958 501 2010 belluas
516 1960 545 2009 in
558 1964 647 2011 semet
659 1959 807 2011 irritavere
818 1959 914 2012 vulne·
947 1981 950 1990 ·

106 2025 193 2076 ribus.
231 1972 335 2075 gbtriti
345 2040 413 2092 ergo
426 2026 544 2093 pedibus
555 2041 660 2089 earum,
683 2027 794 2090 ceteris,
810 2033 842 2078 ut
852 2042 914 2094 par·

107 2093 167 2144 cius
185 2093 335 2153 instarent,
355 2090 435 2144 fuere
454 2094 658 2145 documentum.
695 2097 738 2145 27.
757 2093 914 2161 Praecipue

105 2159 242 2211 terribilis
257 2159 308 2211 illa
320 2159 408 2210 iacies
420 2166 490 2224 erat,
510 2177 592 2229 quum
602 2177 685 2212 manu
694 2176 771 2212 arma
781 2163 914 2228 virosque

107 2227 289 2293 corriperent,
310 2234 340 2278 et
358 2242 443 2293 super
461 2243 494 2280 ae
505 2229 669 2296 regentibus
682 2230 836 2282 traderent.
871 2231 914 2280 28.

106 2295 214 2358 Anceps
230 2309 298 2361 ergo
313 2310 407 2362 pugna
419 2310 492 2346 nunc
508 2297 698 2362 sequentium,
718 2313 790 2348 nunc
804 2296 915 2365 fugien-

104 2360 175 2410 tium
186 2358 359 2427 elepbantos,
369 2363 399 2412 in
408 2363 523 2414 multum
533 2363 591 2415 diei
600 2365 706 2415 varium
718 2370 859 2416 certamen
869 2377 917 2416 ex·

106 2415 205 2489 traxi&
236 2427 326 2479 donec
345 2430 490 2482 securibus
510 2431 551 2491 <id
570 2445 688 2499 namque
708 2447 795 2499 genus
815 2431 917 2483 auxilii

106 2499 302 2562 praeparatum
322 2499 393 2560 erat)
415 2497 501 2564 pedes
517 2513 560 2548 am
581 2505 660 2550 utare
671 2505 834 2565 coeperunt.
871 2499 915 2550 29.

108 2561 229 2627 cepides
240 2563 379 2614 vocabant
389 2564 500 2631 gladios
517 2565 618 2616 leviter
632 2573 773 2630 curvatos,
793 2565 916 2618 falcibus

106 2627 228 2691 similes,
261 2633 321 2695 quis
343 2630 511 2695 appetebant
528 2631 684 2683 belluarum
703 2648 809 2686 manua.
854 2632 917 2684 Nec

107 2693 258 2760 quidquam
276 2697 451 2762 inexpertum
468 2715 523 2750 non
538 2699 636 2750 mortis
649 2701 744 2762 modo,
764 2700 917 2752 sedetiam
