2098 3040
128 185 180 236 378
347 180 520 243 QUINTI
551 179 717 230 cutt'rll

130 283 312 350 Reciprocari
322 283 416 350 coepit
424 297 558 345 mare,ma
598 297 614 332 o
625 287 717 332 tractu
727 283 806 349 aquis
817 282 846 332 in
857 299 938 335 suum

131 353 233 404 iretum
244 350 465 413 recurrentibus3
479 350 566 403 redde
586 356 669 416 atque
680 356 772 400 terras
781 350 878 414 paullo
889 365 938 402 an-

130 428 159 470 te
178 416 317 484 profundo
336 418 397 470 salo
416 432 533 470 mersas.
567 417 656 484 lgitur
678 416 813 468 destinata
825 419 940 485 navigia

131 486 188 537 alia
198 486 416 552 praecipitantur
425 487 455 536 in
465 497 572 550 proras,
595 485 690 534 aliain
704 485 794 536 latera
809 499 938 550 procum·

129 555 206 606 bunt.
244 552 331 605 Strati
341 559 421 604 erant
430 552 519 618 campi
530 551 656 612 sarcinis,
668 552 767 613 aroris,
777 551 949 608 avulsarum

128 621 286 673 tabularum
305 634 498 686 remorumque
519 617 692 687 fragmentis.
729 621 771 670 21.
789 619 875 672 Miles
886 635 939 672 nee

130 689 228 756 egredi
246 689 275 740 in
294 695 405 751 terram,
425 702 477 738 nee
490 687 519 738 in
533 701 617 738 naves
632 686 787 740 subsistere
799 687 938 749 audebat3

128 756 282 808 identidem
293 755 486 822 praesentibus
498 755 637 822 graviora,
657 768 729 822 quae
740 763 937 820 sequerentur,

129 829 306 891 exspectans.
339 823 395 876 Vix
405 837 475 890 quae
485 822 726 890 perpetiebantur,
745 822 842 874 ridere
856 823 937 890 ipses

130 891 290 953 credebant,
302 891 417 942 insieco
430 889 585 956 naufragia,
594 890 623 940 in
633 889 708 939 amari
718 903 803 942 mere.
821 891 866 940 22.
876 889 937 942 Nec

130 958 348 1012 finismalorum.
385 958 493 1023 Quippe
508 962 616 1008 aestum
625 956 720 1022 paullo
730 963 882 1022 postmare
892 973 936 1010 re-

129 1026 259 1088 laturum,
272 1041 326 1105 quo
338 1026 450 1091 navigia
460 1025 657 1085 allevarentur,
670 1024 771 1090 ignari,
787 1023 891 1076 famem
907 1033 936 1077 et

129 1094 227 1146 ultima
236 1093 349 1144 sibrmet
360 1091 560 1144 ominabantnr.
595 1090 713 1142 Belluae
724 1106 834 1160 quoque
845 1091 936 1146 flucti-

128 1159 181 1212 bus
201 1161 352 1212 destitutae
371 1159 512 1211 terribiles
530 1159 712 1226 vagabantur.
756 1160 799 1211 23.
821 1161 936 1228 lamque

128 1242 185 1279 nox
205 1226 363 1292 appetebat,
383 1233 412 1278 et
430 1241 525 1294 regem
540 1241 650 1294 quoque
665 1227 824 1293 desperatio
835 1229 937 1280 salutis

129 1293 304 1360 aegritudine
313 1291 461 1346 affecerat.
496 1293 559 1346 Non
569 1300 662 1346 tamen
671 1295 804 1346 invictum
814 1298 938 1349 animum

129 1374 213 1410 curae
225 1359 353 1422 obruunt,
374 1360 440 1426 quin
450 1366 511 1412 tota
521 1369 603 1413 nocte
613 1362 828 1428 praesideretin
838 1379 938 1432 specu·

128 1427 173 1489 lis,
194 1428 359 1494 equitesque
368 1428 562 1495 praemitteret
574 1429 610 1480 ad
625 1445 657 1481 os
671 1431 768 1492 amnis,
790 1437 829 1493 ut,
852 1447 938 1498 quum

128 1509 205 1546 mare
225 1509 322 1546 rursus
342 1502 507 1548 exaestuare
528 1498 695 1560 sensissent,
724 1497 936 1566 praecederent.

129 1564 171 1615 24.
189 1561 309 1630 Navigia
319 1579 429 1631 quoque
440 1565 564 1616 lacerata
577 1566 669 1627 refici,
690 1571 719 1617 et
732 1579 831 1618 eversa
844 1565 937 1618 flucti-

128 1631 180 1683 bus
197 1630 270 1698 erigi
284 1631 370 1693 iubet,
390 1639 559 1699 paratosque
571 1646 634 1683 esse
648 1639 677 1683 et
691 1633 830 1695 intentos,
851 1649 938 1702 quum

128 1714 225 1752 rursus
245 1713 322 1749 mare
341 1705 432 1750 terras
451 1698 623 1751 inundasset.
659 1699 700 1750 25.
720 1701 795 1751 Tota
807 1708 937 1752 eanocte

128 1767 203 1818 inter
216 1766 329 1832 sigilias
344 1764 611 1833 adhortationesque
629 1774 783 1830 consumta,
804 1767 938 1820 celeriter

130 1841 158 1886 et
169 1834 278 1902 equites
288 1834 397 1900 ingenti
407 1849 490 1886 cursu
499 1833 646 1902 refugere,
667 1841 696 1886 et
710 1842 822 1888 secutus
834 1841 878 1887 est
890 1851 938 1887 ae-

128 1909 198 1954 stus.
222 1902 276 1963 Qui
286 1902 375 1968 primo
387 1903 467 1968 aquis
477 1901 534 1953 leni
544 1907 636 1953 tractu
646 1903 827 1954 subeuntibus
838 1906 939 1970 coepit

127 1969 222 2020 levare
234 1969 360 2034 navigia3
369 1982 434 2021 mox
446 1969 512 2020 totis
523 1971 625 2036 eampis
636 1969 782 2033 inundans,
791 1970 875 2022 etism
884 1971 937 2022 im-

127 2037 200 2104 pulit
209 2036 336 2088 classem.
372 2036 413 2088 ²6.
434 2035 609 2104 Plaususque
618 2037 737 2089 militum
748 2038 936 2089 srauticorum·

128 2119 195 2171 que,
226 2104 395 2169 insperatam
419 2103 537 2156 salutem
560 2105 713 2156 inrnrodico
732 2105 936 2158 celebrantium

128 2172 242 2238 gaudio,
261 2171 392 2222 litoribus
403 2172 527 2239 ripisque
537 2172 696 2223 resonabat
732 2173 811 2224 Unde
827 2179 935 2225 tantum

127 2239 251 2290 redisset
269 2239 362 2289 subito
379 2237 470 2289 marei
489 2253 543 2306 quo
559 2240 650 2305 pridie
663 2239 832 2306 refugisseti
850 2255 936 2306 quae-

127 2320 192 2354 nam
212 2313 289 2356 esset
304 2305 429 2358 eiusdem
443 2306 574 2358 elementi
585 2313 693 2369 nature,
712 2306 797 2359 modo
813 2308 934 2368 discors,

127 2372 211 2430 modo
222 2373 505 2440 imperiotemporum
522 2375 654 2437 obnoxia,
674 2374 831 2426 mirabundi
841 2378 935 2440 requi-

126 2438 235 2492 rebant
271 2440 312 2491 27.
325 2441 384 2492 Rex
394 2457 476 2509 quum
489 2456 523 2494 ex
534 2456 578 2504 eo,
589 2441 665 2508 quod
675 2443 826 2504 acciderat,
839 2442 935 2494 conie-

128 2513 231 2570 ctaret,
250 2508 394 2572 postsolis
407 2514 496 2561 ortum
507 2514 609 2561 statum
619 2515 728 2577 tempus
744 2524 821 2571 esse;
841 2507 937 2562 media

127 2581 220 2637 nocte,
242 2581 389 2626 utaestum
402 2583 560 2644 occuparet,
581 2577 748 2643 campaneis
759 2578 880 2644 navigiis
891 2593 936 2630 se·

128 2642 218 2693 cundo
232 2656 311 2693 amne
322 2640 446 2696 deduxit.
483 2646 657 2711 Evectusque
671 2660 704 2696 os
715 2645 788 2708 eius,
804 2645 936 2712 quadrin-

128 2715 213 2772 genta
222 2709 313 2760 stadia
322 2713 460 2776 prooessit
468 2713 495 2763 in
506 2726 592 2774 mare,
612 2711 723 2764 tandem
735 2712 792 2765 voti
804 2715 848 2764 sui
859 2727 938 2764 eom·
1035 2737 1036 2740 ¹
