2036 3030
194 181 511 234 SUPPlsEMENTsl.
531 182 608 235 LlB.
628 184 649 235 l.
669 181 753 236 chP.
773 185 797 234 4.
817 183 841 233 5.
889 185 919 234 lt
984 179 987 186 “

114 285 177 335 neis
198 299 260 336 cum
273 285 380 350 ingenti
396 283 517 336 clamore
532 285 561 335 in
575 299 684 338 cursum
697 285 840 353 permittit.
878 283 918 335 19.

114 353 217 419 lugens
228 351 328 402 deinde
338 352 427 418 campi
438 353 557 419 spatium
573 358 698 415 evectus,
717 353 773 402 iam
785 351 919 402 lassatum
971 365 977 378 ·

112 425 145 471 et
157 419 312 470 consistere
321 419 462 470 volentem
472 419 617 486 impellere
631 435 687 473 non
701 425 784 470 antea
799 419 918 482 destitit,

116 501 198 554 quarn
209 485 372 553 exhaustum
383 501 474 549 cursu,
486 493 515 537 et
525 487 622 538 labore
634 486 776 549 domitum,
791 501 918 536 mansue-

115 557 216 604 tiorem
237 554 292 604 iam
305 554 507 621 mitioremque
526 553 694 605 reduxisset.
730 556 771 604 20.
794 552 919 605 Descen-

117 622 226 673 dentem
245 620 420 672 manantibus
440 621 543 688 gaudio
564 621 685 674 lacrimis
699 620 860 688 complexus
875 627 919 672 est

115 697 204 754 pater,
225 688 378 754 osculoque
397 689 647 755 capiti'lmpresso‚
666 687 755 750 maius
773 688 919 753 imperium

116 755 171 806 sibi
184 755 399 822 circumspicere
411 756 507 816 iussit,
527 770 579 806 nec
592 755 665 806 enim
679 754 864 806 Macedoniae
876 769 919 806 re·
1001 809 1004 820 ,

115 839 200 890 gnum
207 830 314 874 tantam
322 821 447 874 indolem
462 837 570 888 capere.
605 825 647 873 21.
666 821 737 873 Post
749 819 819 872 haec
832 821 920 872 Buce-

115 888 222 956 phalas,
234 905 317 958 quum
328 891 357 939 in
368 895 479 940 ceteros
490 889 624 940 ferociam
635 905 712 940 suam
723 889 919 950 retineret‚uni

115 958 273 1010 Alexandro
293 957 364 1007 mira
383 955 568 1008 submissione
586 958 693 1024 paruit,
716 957 919 1022 multorumque

115 1041 183 1076 nrox
196 1024 323 1076 laborum
339 1030 422 1093 atque
436 1025 625 1076 discriminum
639 1027 747 1087 socius,
767 1024 795 1074 in
809 1023 919 1091 proelio

117 1091 364 1157 adversusPorusn
395 1093 467 1144 eriit
495 1094 537 1144 22.
556 1093 677 1161 Dignum
687 1092 716 1143 id
728 1097 920 1158 argumentum

116 1161 206 1210 visum
219 1165 270 1221 est,
282 1158 357 1226 quod
366 1108 539 1212 illustrarent
550 1176 636 1228 opera
646 1176 697 1212 sua
706 1159 920 1211 nobilissimiar·

114 1227 217 1279 titices.
253 1226 331 1278 Duas
344 1241 379 1279 er
390 1243 527 1280 marmore
544 1235 650 1280 statuas
670 1242 769 1296 equum
781 1228 920 1279 domantia
1012 1275 1013 1278 ,

116 1301 272 1356 ostentant,
286 1294 436 1346 Praxitelis
453 1302 481 1348 et
491 1295 608 1347 Phidiae
619 1303 768 1347 certamen.
803 1295 920 1356 Alexan-

116 1362 160 1414 dri
172 1377 220 1414 eas
229 1363 364 1430 imagines
376 1377 448 1426 esse,
459 1364 583 1430 quamvis
594 1364 697 1431 ambigi
709 1362 808 1430 possit,
825 1369 920 1414 aucto·

116 1444 163 1481 res
175 1429 248 1481 haud
259 1429 371 1481 obscuri
381 1431 569 1483 crediderunt.

168 1496 202 1550 V.
213 1497 266 1548 llis
278 1504 360 1566 atque
369 1498 473 1550 talibus
483 1498 590 1566 ingenii
601 1498 739 1565 animique
751 1497 922 1565 experimen-

117 1566 154 1617 tis
172 1580 233 1618 eam
246 1565 318 1631 apud
335 1564 493 1634 Philippum
507 1567 742 1618 existimationem
756 1571 854 1616 nactus
869 1571 922 1627 est,

117 1640 163 1694 ut,
182 1647 265 1700 quum
278 1633 338 1698 ipse
353 1632 527 1699 Byzantinos
548 1633 694 1686 obsidione
715 1640 841 1700 urgeret,
861 1632 922 1683 ido·

116 1714 200 1752 neum
211 1700 265 1748 iam
275 1699 428 1750 crediderit
438 1701 534 1762 lilium,
549 1703 594 1752 cui
605 1701 696 1752 libera
709 1715 771 1752 curn
781 1705 923 1767 potestate

115 1766 302 1820 Macedoniae
314 1780 406 1816 curam
418 1767 613 1830 committeret,
624 1783 711 1818 annos
720 1769 832 1818 omnino
844 1767 923 1817 sede-

114 1837 171 1887 cim
185 1832 342 1885 habentem.
377 1835 403 1885 2.
422 1833 484 1895 Quo
499 1841 655 1900 comperto,
668 1832 845 1884 Medarorum
865 1834 923 1900 qui·

118 1905 191 1965 darn,
198 1899 331 1964 (Thracia
340 1901 427 1964 natio,
435 1901 620 1953 Macedoniae
631 1901 778 1966 subiecta‚)
792 1907 921 1967 opportu-

117 1987 183 2022 num
192 1968 357 2032 defectioni,
372 1969 567 2037 quamdudum
582 1970 736 2038 agitabant,
756 1976 865 2034 tempus
877 1967 923 2018 ad·

118 2039 229 2090 venisse
248 2037 319 2099 rati,
344 2038 463 2090 consilia
481 2039 630 2090 nudavere.
672 2037 728 2090 Sed
748 2036 922 2098 adolescens,

118 2105 303 2158 ostentandae
313 2104 425 2156 virtutis
434 2106 583 2158 occasione
595 2107 696 2168 laetus,
707 2121 768 2157 cum
780 2102 895 2155 ducibus
907 2119 923 2154 a

117 2180 197 2241 patre
208 2172 316 2224 relictis
326 2187 446 2239 propere
455 2175 484 2224 in
495 2189 545 2226 eos
556 2174 655 2226 movit:
675 2173 812 2240 uictisque
826 2177 854 2222 et
867 2171 922 2224 eie·

116 2244 170 2293 ctis
180 2239 348 2302 rebellibus,
365 2240 461 2292 urbem
474 2257 570 2293 eorum
583 2244 653 2294 varii
667 2242 778 2308 generis
790 2242 921 2292 convenis

118 2307 297 2360 habitandam
316 2307 401 2360 dedit.
436 2308 481 2359 llli
495 2309 742 2376 Alexandropolin
756 2321 791 2358 ex
809 2309 921 2360 nomine

118 2373 241 2428 auctoris
253 2375 296 2426 sui
306 2375 491 2443 appellavere.
502 2375 792 2444 &Philippuueventu
803 2377 845 2428 rei
855 2391 921 2444 gau-

115 2445 199 2506 dens,
214 2448 337 2494 ceterum
352 2443 503 2508 sollicitus,
522 2460 557 2496 ne
571 2460 622 2498 suo
636 2444 751 2496 arbitrio
770 2445 921 2510 permissus

117 2510 307 2563 adulescentis
329 2511 436 2563 animus
458 2513 565 2563 maiora
582 2511 687 2563 viribus
702 2527 764 2563 cum
778 2511 865 2562 exitio
877 2525 920 2560 ca·

117 2585 251 2645 pensaret,
263 2579 391 2630 evocarit
402 2591 472 2642 eusn,
493 2584 524 2630 ut
534 2594 564 2631 se
575 2579 710 2647 magistro
721 2579 851 2630 ardorem
859 2591 921 2693 tru-

116 2646 213 2698 dantia
230 2651 386 2726 temperare
406 2646 540 2698 disceret:
562 2654 590 2698 et
611 2649 640 2698 in
654 2645 817 2714 subigendis
838 2646 859 2696 G
880 2657 921 2693 er-

116 2715 213 2766 sonesi
231 2713 341 2780 oppidis
358 2720 471 2766 strenue
491 2721 654 2783 promtaque
674 2727 761 2830 ogere
776 2713 836 2762 eius
855 2724 922 2761 usus

167 2782 332 2834 cunutus.

951 2891 992 2936 Δ
1012 2877 1013 2950 l
