2048 3034
135 155 187 208 ²34
348 153 518 215 QUINTI
547 153 714 204 CURTll

134 257 206 308 tium
224 255 362 322 plaustra,
382 254 522 322 perfertur
541 254 577 306 ad
596 269 700 322 regem.
737 254 777 306 l'l.
800 255 940 308 Fecerant
1014 271 1015 280 ¹

134 324 219 376 fidem
229 325 335 374 rumori
344 330 450 375 temere
464 323 578 390 vulgato
589 322 691 374 Graeci
708 322 826 386 milites,
844 323 940 376 redire

134 391 207 442 iussi
221 389 329 454 domos,
350 403 467 458 quorum
481 390 621 458 equitibus
631 389 750 457 singulis
761 390 942 444 denariorum

135 473 204 510 sena
213 458 302 510 millia
312 459 386 511 dono
401 459 526 510 dederat.
561 458 633 525 Ipsis
647 472 758 524 quoque
772 457 855 509 finem
867 460 942 510 miii-

132 527 190 578 tiae
210 527 310 578 adesse
329 526 489 579 credebant.
526 525 566 575 18.
586 525 670 576 Haud
688 541 769 577 secus
788 541 872 594 quarn
889 541 943 594 par

134 601 195 645 crat
217 595 332 646 territus
360 594 534 654 Alexander,
564 594 612 659 qui
631 593 715 662 indos
739 599 823 660 atque
842 595 943 646 ultima
1013 639 1014 642 ,

135 661 258 714 Orientis
278 677 429 730 peragrare
449 662 605 722 statuisset,
624 659 785 726 praelector
796 663 943 729 copiarum

131 731 161 780 in
172 729 342 797 praetorium
355 728 505 794 contrahit:
521 728 684 794 obortisque
694 728 827 790 lacrimis,
839 745 876 782 ex
884 746 943 784 me·
1013 747 1015 764 ,

133 798 180 850 dio
193 799 301 865 gloriae
312 799 408 866 spatio·
416 797 545 849 revocari
553 811 594 860 se,
614 797 679 846 victi
690 797 790 864 magis,
808 811 892 866 quem
902 800 942 848 ri·

133 868 237 929 ctoris,
256 865 397 917 fortunam
412 867 440 916 in
459 865 578 932 patriam
596 864 748 916 relaturum
767 873 941 932 conquestus

133 939 189 996 cst;
209 933 249 984 19.
261 949 312 984 nec
323 933 377 984 sibi
387 934 526 1000 ignaviam
536 931 654 982 militum
666 930 792 994 obstare,
804 932 854 984 sed
865 932 941 985 Deo-

132 1017 193 1052 rum
208 1000 349 1062 invidiam,
370 1001 417 1066 qui
431 999 594 1051 fortissimis
608 1001 674 1051 viris
691 999 812 1052 subitum
829 1002 940 1067 patriae

132 1068 302 1119 desiderium
313 1066 514 1130 admovissent,
534 1066 618 1134 paulo
631 1073 698 1134 post
705 1067 735 1117 in
745 1067 865 1120 eandem
878 1084 940 1122 eum

131 1137 238 1188 maiore
254 1134 336 1184 laude
347 1133 476 1202 famaque
487 1134 629 1186 redituris.
664 1137 706 1186 ro.
725 1136 797 1186 Tum
807 1151 877 1187 vero
888 1152 939 1204 pro

130 1219 162 1254 se
174 1203 289 1268 quisque
301 1215 413 1266 operam
424 1216 502 1254 suam
514 1201 629 1266 offerre3
642 1201 940 1272 difficillimequeeque

129 1283 263 1337 poscere,
289 1269 420 1335 polliceri
440 1269 558 1320 militum
577 1285 689 1338 quoque
710 1270 891 1338 obsequium,
915 1273 941 1324 si

130 1337 239 1388 animos
260 1350 357 1388 eorum
371 1337 427 1388 leni
442 1342 471 1388 et
484 1344 549 1404 apte
562 1339 691 1390 oratione
705 1339 882 1406 permulcere
892 1355 940 1392 ro-

129 1405 240 1458 luisset.
277 1407 318 1456 21.
337 1403 484 1474 Nunquam
502 1404 640 1456 infractos
658 1412 687 1458 et
706 1405 833 1458 abiectos
846 1422 940 1460 reces-

130 1474 213 1535 sisse,
234 1475 345 1541 quotics
359 1475 449 1541 ipsius
459 1475 633 1525 alacritatem
641 1481 670 1525 et
679 1474 751 1525 tanti
761 1475 848 1524 animi
858 1475 939 1542 spiri-

129 1546 176 1594 tus
187 1539 299 1593 haurire
305 1544 475 1658 potuissent.
501 1542 546 1592 lta
556 1555 586 1592 se
598 1539 738 1592 facturum
748 1556 812 1592 esse
822 1557 940 1610 respon·

130 1608 184 1660 dit:
204 1609 247 1658 illi
258 1625 302 1659 mo
325 1623 341 1659 o
352 1609 428 1676 vulgi
439 1621 521 1662 aures
531 1615 698 1676 praeparent
708 1609 770 1660 sibi.
806 1608 940 1678 Satisque

131 1677 268 1737 omnibus,
281 1692 351 1744 quae
362 1677 390 1728 in
401 1692 459 1728 rem
470 1676 645 1739 ridebantur,
655 1676 830 1743 compositis,
841 1679 940 1729 vocari

130 1745 166 1796 ad
188 1747 352 1797 concionem
372 1745 525 1797 exercitum
546 1745 638 1806 iussit,
658 1744 732 1811 apud
750 1759 832 1812 quern
853 1747 940 1798 talem

130 1813 287 1865 orationem
298 1812 406 1865 habuit:

181 1880 940 1948 lll.„llllagnitudinemrcrum,quasgessimus,milites,

127 1947 301 1999 intuentibus
311 1949 402 2009 vobis,
421 1949 533 1999 minime
543 1949 643 2000 mirum
653 1953 705 2009 est,
727 1953 755 1997 et
765 1945 939 1998 desiderium

129 2016 243 2082 quietis,
255 2022 284 2064 rt
294 2017 452 2066 satietatem
463 2015 572 2081 gloriae
583 2027 740 2066 occurrere.
776 2016 800 2064 2.
808 2014 847 2064 Ut
857 2016 940 2066 omit·
1011 2025 1012 2076 l

128 2090 185 2134 tam
196 2082 325 2149 illyrios,
337 2081 492 2143 Triballos,
502 2080 663 2144 Boeotiam,
675 2080 839 2144 Thraciam,
855 2081 939 2149 Spar·
1011 2087 1012 2109 ³

128 2157 198 2212 tam,
215 2147 360 2209 Achaeos,
378 2147 617 2215 Peloponnesum,
639 2165 756 2218 quorum
775 2150 832 2202 alia
852 2150 940 2203 ductu

128 2231 203 2278 mco,
215 2218 272 2268 alio
281 2216 400 2282 imperio
411 2218 593 2335 auspicioque
603 2218 748 2284 perdomui
757 2233 764 2278 3
774 2215 798 2267 3.
813 2231 882 2270 eece
896 2233 940 2270 or·
1010 2217 1011 2248 ³

130 2284 154 2333 ei
170 2284 274 2334 bellum
289 2283 323 2332 ab
335 2282 530 2349 Hellesponto,
564 2301 642 2348 onas,
660 2285 805 2338 Aeolidem
817 2287 938 2338 servitio

128 2350 277 2400 barbariae
295 2353 458 2416 impotentis
477 2353 642 2416 exemimuo3
663 2354 782 2415 Cariam,
803 2351 938 2419 Lydiam,

130 2417 344 2484 Cappadociam,
363 2417 525 2487 Phrygiam,
545 2419 652 2488 Paphla
673 2423 775 2483 oniam,
795 2419 940 2490 Pamphy·

128 2485 208 2548 liam,
221 2485 345 2550 Pisidas,
357 2487 497 2550 Ciliciam,
512 2487 634 2554 Syriam,
671 2485 829 2549 haesitem,
841 2491 939 2542 Arme·

128 2554 212 2618 niam,
225 2555 378 2618 Persidem,
389 2555 503 2616 Medos,
514 2554 692 2606 Parthienem
704 2554 836 2606 habemus
848 2557 877 2608 in
887 2573 939 2624 po-

126 2629 241 2675 testate.
277 2623 301 2674 li.
314 2622 413 2675 Plures
424 2625 582 2690 provincias
593 2624 754 2689 complexus
766 2639 840 2685 sum,
853 2640 939 2692 quam

127 2689 178 2742 alii
196 2691 279 2742 urbes
298 2699 444 2760 ceperunt3
465 2698 492 2740 et
511 2692 615 2749 nescio,
636 2706 672 2740 an
682 2692 857 2742 enumeranti
867 2691 940 2744 mihi
