2048 3034
143 134 191 185 19²
364 129 534 192 QUINTI
563 122 727 182 cult'rll

144 232 297 300 spadonum
308 232 419 298 agmina
428 229 498 282 nihil
508 231 583 282 aliud
598 229 696 293 fuisse,
716 245 797 297 quam
816 245 907 280 onera
922 241 952 282 et

142 299 350 368 impedimenta:
370 299 466 349 eadem
476 298 630 350 trahentem
640 297 834 357 Alexandrum,
845 299 950 363 quibus

143 368 227 420 rebus
239 373 321 416 antea
330 366 453 428 vicisset,
475 365 635 416 inferiorem
647 365 718 416 fore.
762 365 787 414 ¹l.
817 363 909 416 Plena
920 381 950 416 o·

63 461 68 466 ·
143 434 251 486 mnibus
262 433 467 500 desperationis
477 432 624 484 videbatur
635 434 735 495 oratio,
744 431 846 498 quippe
855 429 949 498 Baby·

142 503 236 552 lonem
248 502 343 553 urbem
355 501 592 568 opulentissimam
604 501 669 551 dedi
679 498 867 552 cernentibus.
887 499 947 550 lam

144 569 223 632 Susa,
234 571 288 620 iam
301 577 395 620 cetera
407 575 571 619 ornamenta
580 569 669 634 regni,
689 579 856 634 causamque
866 566 945 628 belli,

142 640 276 690 victorem
289 642 494 704 occupaturum.
512 637 536 686 8.
545 637 581 686 At
590 635 639 684 ille
650 635 751 686 dooere
763 633 868 700 pergit;
890 649 946 684 non

143 706 273 772 speciosa
282 705 368 766 dictu,
389 703 439 754 sed
450 720 501 754 usu
515 703 675 754 necessaria
684 703 712 753 in
723 701 807 752 rebus
819 701 944 752 adversis

143 773 285 842 sequenda
305 786 376 822 esse.
411 771 499 823 Ferro
519 772 581 838 geri
596 770 678 832 bella,
698 782 847 830 nonaur03
867 769 943 830 viris,

141 840 420 892 nonurbiumteetis.
457 839 556 888 Omnia
567 839 645 904 sequi
663 843 793 887 anmatos.
832 835 944 886 Sicma·
1011 889 1018 908 ,

142 909 219 959 iores
240 923 306 958 suos
326 907 470 972 perculsos
490 907 519 957 in
538 905 674 972 principio
687 919 790 967 rerum,
812 901 943 953 celeriter
1003 903 1016 949 ε’

141 976 286 1042 pristinam
298 987 445 1038 reparasse
456 972 604 1024 fortunam.
640 971 664 1022 9.
684 971 780 1038 Igitur,
801 972 861 1020 sive
880 985 942 1020 con-

142 1043 258 1095 firmatis
273 1056 368 1092 eorum
383 1041 491 1103 animis,
513 1041 571 1090 sive
589 1039 734 1106 imperium
753 1039 844 1104 magia
864 1053 943 1104 quam

143 1109 289 1160 consilium
306 1107 496 1173 sequentibus,
515 1108 626 1158 Mediae
645 1108 714 1156 fines
733 1106 880 1172 ingressus
891 1111 941 1156 est.

143 1179 183 1226 lo.
203 1175 290 1224 Paulo
311 1181 375 1240 post
393 1174 549 1225 Alexandro
566 1173 672 1224 Arbela
690 1173 846 1234 traduntur,
865 1173 943 1240 regia

143 1240 311 1308 supellectili
331 1241 437 1307 ditique
457 1256 529 1308 gaza
547 1243 663 1309 repleta.
709 1240 837 1302 cuatuor
856 1241 944 1290 millia

141 1309 276 1358 talentum
287 1306 379 1358 suere:
399 1314 545 1374 praeterea
563 1311 705 1374 pretiosae
724 1315 827 1370 vestes,
845 1308 941 1368 totius,

141 1380 266 1440 utsupra
276 1375 379 1426 dietum
391 1382 442 1438 est,
463 1377 603 1428 exercitus
613 1377 711 1444 opibus
721 1375 837 1427 inillam
848 1375 943 1426 sedem

143 1443 295 1508 congestis.
337 1445 376 1494 ll.
400 1444 595 1510 lngruentibus
616 1443 717 1496 deinde
735 1443 852 1504 morbis,
874 1458 942 1510 quos

143 1510 214 1560 odor
224 1510 389 1562 cadaverum
401 1513 469 1563 totis
479 1511 629 1563 iacentium
640 1511 745 1578 campis
769 1509 942 1577 vulgaverat,

141 1579 277 1629 maturius
289 1587 381 1630 castra
397 1580 492 1630 movit.
529 1580 665 1630 Euntibus
685 1579 776 1644 aperit
795 1592 826 1629 se
837 1578 943 1629 alaeve

140 1645 250 1708 Arabia,
272 1647 389 1698 odorum
405 1646 551 1699 fertilitate
563 1646 765 1714 nobilisregio.
802 1646 844 1696 la.
866 1645 943 1696 Gam-

140 1723 236 1782 pestre
247 1715 300 1766 iter
310 1723 362 1778 est,
376 1715 450 1766 inter
460 1716 566 1782 Tigrim
578 1721 607 1766 et
617 1713 785 1782 Euphratem
795 1719 853 1764 tam
865 1713 945 1764 uberi
1017 1733 1018 1750 r

142 1791 172 1834 et
181 1783 276 1850 pingui
287 1783 360 1846 solo,
380 1790 411 1835 ut
420 1798 437 1832 a
446 1789 528 1848 pastu
539 1783 636 1849 repelli
646 1796 750 1849 pecora
760 1779 900 1844 dicantur,
910 1784 946 1832 ne'

142 1852 257 1902 satietas
273 1851 398 1917 perimat.
436 1852 526 1901 Causa
539 1850 692 1901 fertilitatis
706 1856 750 1900 est
763 1847 877 1911 humor,
898 1849 946 1915 qui

141 1933 177 1969 ex
187 1927 305 1986 utroque
316 1933 395 1969 amne
405 1925 506 1978 manat,
517 1924 578 1970 toto
589 1917 648 1968 fere
660 1917 722 1969 solo
734 1922 850 1984 propter
859 1930 944 1966 venas

141 2001 273 2053 aquarum
295 1987 453 2038 resudante.
493 1985 533 2037 13.
552 1986 609 2052 lpsi
628 1999 723 2036 amnes
743 1998 777 2036 ex
795 1984 945 2034 Armeniae

140 2055 281 2105 montibus
300 2051 448 2118 profluunt,
468 2067 501 2103 ac
520 2067 620 2120 magno
641 2052 741 2104 deinde
761 2067 778 2102 a
797 2050 944 2102 uarumdi-

139 2123 242 2186 nortio,
262 2121 325 2181 iter,
344 2119 418 2186 quod
430 2133 560 2186 coepere,
571 2127 744 2186 percurrunt.
807 2133 845 2170 uo
855 2117 946 2170 millia

142 2195 171 2239 et
182 2191 207 2240 D
219 2189 310 2242 stadia
320 2189 424 2238 emensi
434 2195 511 2250 sunt,
532 2190 579 2255 qui
599 2189 798 2256 amplissimum
811 2186 945 2238 interval·

140 2255 197 2306 lum
209 2258 283 2308 circa
297 2256 441 2307 Armeniae
456 2266 564 2307 montes
583 2261 757 2308 notaverunt.
794 2253 836 2304 lt.
855 2253 945 2305 lidem

142 2337 226 2387 quum
237 2323 349 2374 Mediae
359 2329 388 2374 et
398 2323 601 2374 Gordiaecrum
617 2331 705 2374 terras
730 2335 827 2374 secare
844 2335 945 2390 coepe·

141 2396 214 2450 runt,
231 2391 373 2456 paullatim
383 2390 411 2442 ln
421 2391 525 2442 arctius
535 2395 645 2454 coeunt,
657 2399 685 2442 et
695 2405 749 2456 quo
763 2388 878 2455 longius
889 2404 945 2440 ma-

141 2463 217 2518 nent,
235 2455 291 2508 lice
310 2474 345 2509 an
368 2458 456 2510 estius
476 2459 549 2509 inter
569 2473 599 2510 se
620 2476 632 2509 s
654 2459 739 2510 atium
752 2456 946 2509 ,terr-aeretic-

141 2531 235 2591 quust
275 2523 313 2574 15.
358 2525 425 2578 icini
435 2527 556 2576 nmuime
566 2475 682 2576 sonabis
693 2524 806 2590 canapis,
821 2538 895 2590 quos
905 2524 947 2574 in-

141 2592 221 2643 colae
232 2591 463 2658 Mesopotamiam
479 2593 633 2660 appellant;
648 2593 765 2644 mediam
778 2605 898 2658 uanique
910 2589 947 2642 ab

139 2665 258 2727 utroque
269 2658 357 2710 latere
364 2660 544 2712 concludunt.
568 2661 655 2712 lidem
665 2675 714 2725 per·
724 2657 948 2724 Babyloniorum
