2036 3030
78 201 112 250 ra
169 173 171 188 '
234 146 694 264 “ioinnsllnmsnnnn

80 290 414 367 palederahrtaxerxisll
426 289 463 354 llo
476 299 535 348 ario
555 311 655 363 nepos,
676 301 705 346 et
717 293 890 348 Mithrobar-

79 365 195 438 zapenh
208 341 453 446 appadociaffil'ps
462 371 512 417 tor
530 364 677 432 regebant:
696 363 732 413 iis
751 361 891 430 Niphates

29 435 34 444 “
80 427 267 498 Pelanesquc,
288 447 350 482 cum
366 425 471 485 attiae
483 440 512 484 et
524 431 640 497 Atizye,
661 431 800 480 variarum
820 445 889 498 gen-

78 501 147 551 tium
164 506 269 549 turmas
290 500 492 566 applicuerant.
530 499 570 549 13.
589 499 687 548 litum
706 497 887 549 multitudine

79 574 108 617 et
122 566 187 617 loco
203 567 329 633 potiores
343 569 467 634 graviter
480 565 642 632 premebant
657 564 780 628 hostem,
801 567 890 616 acris·

79 648 132 701 que
142 648 236 701 pugna
244 635 453 697 conserebatur,
462 634 581 686 maximo
596 633 716 683 omnium
726 633 803 699 regis
814 635 887 699 peri·

79 701 152 761 cula,
173 716 254 769 quem
273 704 357 754 armis
372 717 509 769 manuque
525 707 553 752 et
569 701 693 767 imperiis
705 700 886 766 conspicuum

78 769 323 837 plurespetebaat.
360 768 400 820 ll.
420 768 476 822 Sed
495 768 606 836 tragula
626 768 750 836 quidem,
772 769 886 834 quaein

78 838 238 916 promiscuo
252 853 361 905 pugnae
381 838 482 898 ardore
501 836 655 888 desinentis
675 835 782 885 loricae
802 835 889 901 plicis-

77 904 229 966 1nciderat,
251 905 350 956 vulnus
369 902 443 957 haud
453 905 558 955 intulit:
578 901 888 954 ceterumaRhoesace

78 978 107 1023 et
122 971 309 1038 Spithridate‚
328 970 491 1022 fortissimis
507 973 619 1031 ducum,
640 970 723 1021 simul
732 971 886 1036 impetitus,

78 1045 230 1091 extremum
250 1038 399 1089 discrimen
419 1037 497 1089 adiit.
534 1038 575 1088 15.
599 1037 672 1088 Dum
692 1038 765 1088 enim
786 1037 885 1088 lancea

76 1109 106 1158 in
125 1106 240 1158 thorace
261 1102 441 1169 Spithridatis
462 1103 616 1166 confracta,
637 1111 821 1171 conatumque
838 1105 885 1156 de·

77 1175 221 1233 stituente,
233 1171 356 1252 gladium
366 1171 492 1238 stringit3
510 1171 598 1222 frater
606 1172 683 1222 illius
694 1187 710 1222 a
721 1171 809 1223 latere
821 1173 886 1225 ade·

77 1241 188 1307 quitans
205 1253 346 1290 acinacem
365 1239 478 1290 incauto
494 1239 637 1306 impingit,
658 1244 736 1291 tauto
757 1241 833 1300 nisu,
855 1247 889 1291 ut

77 1309 192 1359 cristam
202 1307 301 1386 galeae
312 1311 341 1356 et
350 1306 494 1373 pinnarum
503 1308 618 1357 alteram
630 1307 785 1368 decuteret,
797 1308 885 1358 acies·

78 1372 887 1509 ttulit,2¹¹¹tlssttifhtitlimittit-‘iti

78 1514 162 1575 caput
179 1455 357 1570 ostendeliat,
378 1507 548 1560 descendere
562 1510 690 1575 parabat;
709 1525 791 1576 quum
806 1510 885 1560 illum

78 1576 168 1626 Clitus
181 1581 307 1642 occupat,
314 1576 360 1643 qui
372 1576 564 1628 animadverso
576 1578 651 1644 regis
659 1577 784 1643 periculo
793 1591 885 1627 amen-

76 1644 100 1694 ti
115 1642 215 1694 similis
230 1643 426 1705 advolaverat,
448 1644 688 1712 interceptumquc
697 1643 809 1694 barbari
823 1644 886 1694 bra-

78 1707 170 1762 chium
190 1725 252 1761 cum
277 1712 338 1778 ipso
363 1710 457 1778 gladio
484 1712 591 1764 deiicit.
629 1711 717 1764 Simul
735 1710 885 1762 Alexandri

78 1792 144 1829 ense
163 1777 351 1845 Spithridates
373 1780 512 1832 occubuit.
551 1782 591 1830 lt.
616 1778 710 1848 Nihilo
730 1785 822 1829 tamen
841 1793 884 1828 se-

77 1847 158 1913 gnius
176 1847 368 1915 repugnabant
387 1847 503 1900 Persaet
527 1848 617 1899 donec
635 1846 751 1897 interitu
774 1847 887 1907 ducum,

77 1929 193 1980 quorum
205 1915 330 1982 plerique
340 1915 395 1965 iam
407 1917 575 1978 ceciderant,
588 1914 769 1975 consternati,
780 1919 808 1964 et
819 1915 884 1979 quia

30 2001 32 2006 ’
74 1982 130 2032 iam
150 1982 234 2033 etiam
255 1980 375 2048 phalanx
393 1983 577 2035 Macedonum
597 1984 748 2033 transierat
766 1996 888 2044 amnem,

77 2062 164 2114 equos
183 2050 212 2099 in
233 2047 328 2117 lugam
349 2057 519 2102 averterunt.
560 2051 600 2101 18.
622 2048 719 2118 Neque
742 2049 881 2115 pedestria

76 2116 152 2166 acies
168 2117 216 2168 diu
234 2117 353 2168 restitit:
374 2119 526 2185 equitatum
546 2133 626 2169 suum
645 2117 681 2169 ad
700 2117 884 2168 obterendum

75 2180 185 2234 hostem
203 2188 272 2236 satis
291 2199 429 2251 superque
443 2185 564 2236 validum
578 2184 718 2248 arbitrati,
737 2185 831 2252 potius
848 2184 887 2233 de

75 2251 190 2317 pracda,
202 2265 283 2317 quarn
296 2253 330 2304 de
342 2252 511 2314 discrimine,
523 2253 694 2320 cogitabant.
730 2254 772 2303 lta
788 2251 882 2303 subito

77 2323 179 2368 eventu
189 2317 425 2384 deprehensorum
433 2321 727 2388 caedesmagis‚quam
736 2319 883 2387 proelium,

76 2382 139 2436 fuit.
176 2384 216 2436 19.
240 2387 410 2438 Mercenarii
428 2393 533 2450 tamen,
554 2389 653 2455 quihus
668 2387 784 2439 Omares
805 2400 892 2454 prae·¹

77 2456 147 2514 erat,
164 2460 299 2520 occupato
310 2455 430 2521 quodam
439 2456 547 2506 tumulo
557 2462 669 2507 strenue
680 2470 711 2506 se
725 2454 890 2516 tuebantur,

77 2521 142 2585 quia
152 2521 360 2573 conditionibus
368 2523 398 2572 in
409 2523 492 2574 tidem
502 2529 633 2575 venturos
642 2523 691 2573 ille
706 2538 761 2574 non
772 2535 885 2589 recepe·

77 2592 130 2637 rat.
157 2589 199 2640 2⁰.
213 2588 289 2656 Ergo
299 2588 484 2640 Macedonum
498 2590 592 2655 plures
603 2592 631 2641 in
645 2605 679 2641 eo
694 2588 826 2641 conflictu
838 2589 885 2639 de·

78 2653 194 2706 siderati
204 2661 277 2717 sunt,
288 2670 370 2720 quam
381 2658 503 2722 equestri
514 2657 622 2722 proelio
635 2657 810 2711 ceciderant:
823 2657 889 2723 ipse

78 2736 188 2788 quoque
199 2737 261 2783 rex,
282 2722 347 2772 dum
359 2723 434 2774 inter
449 2724 553 2789 primos
563 2725 695 2791 impetum
705 2727 734 2775 in
745 2739 795 2776 eos
806 2723 886 2786 lacit,
