2054 3030
120 134 171 185 144
344 131 513 192 QlllNTl
541 131 708 184 cufl'ffl
751 134 755 144 '

119 236 248 296 admotis,
260 250 310 300 per
321 234 469 285 ludibrium
480 234 700 300 exprobrabant,
711 233 776 283 illos
787 233 873 283 armis
886 235 929 284 in.

119 305 220 364 elutos,
230 302 314 352 dorso
326 303 399 353 sieut
408 303 539 362 iumenta,
551 316 638 352 onera
648 307 767 367 gestare.
803 299 929 351 Interro-

119 370 222 438 gabant
232 371 328 432 etiam,
343 386 406 420 num
421 370 511 420 maior
522 368 650 435 Neptuno
662 373 738 418 esset
750 366 928 420 Alexander!

118 438 199 488 llaec
215 438 277 503 ipsa
290 438 437 488 insectatio
452 436 626 487 alacritatem
645 434 764 485 militurn
783 435 926 487 accendit.

20 548 29 572 ,
116 508 158 556 21.
175 504 232 556 lam
254 519 287 555 ue
298 504 449 571 paullulum
460 505 548 554 nieles
558 519 631 569 aqua
641 501 789 562 eminebat,
801 508 831 552 et
840 502 925 553 simul

117 521 367 641 aggerisqlatitudo
389 571 546 634 crescebat,
570 572 686 635 urbique
710 569 925 632 admovebatur3

116 657 199 708 quum
210 641 304 707 Tyrii,
319 639 509 706 magnitudine
524 638 615 697 molis,
632 638 710 688 cuius
721 637 927 688 incrementum

117 724 166 760 eos
178 715 241 759 ante
252 708 406 769 fefellerat,
420 713 583 773 conspecta,
600 704 707 756 levibus
722 704 841 770 navigiis
855 719 926 754 non·

116 776 180 827 dum
192 777 370 826 commissum
381 789 449 841 opus
462 775 608 825 circumire
623 777 790 836 coeperunt3
810 770 926 821 missili-

115 843 166 894 bus
178 858 287 912 quoque
299 858 357 904 eos,
369 845 416 909 qui
426 857 476 908 pro
491 857 575 908 opere
585 840 704 900 stabant,
715 839 867 890 incessere.
880 840 926 890 22.

114 910 211 962 Multis
223 925 291 976 ergo
304 910 411 976 impune
423 910 588 971 vulneratis,
603 923 685 974 quum
701 914 729 956 et
738 920 885 958 removere
898 915 929 959 et

116 979 257 1045 appellere
268 975 385 1040 scaphas
395 977 424 1026 in
435 977 567 1041 expedito
579 981 664 1036 esset,
679 974 715 1024 ad
729 988 824 1024 curam
834 980 929 1026 semet

115 1046 193 1111 ipsos
201 1043 297 1096 tuendi
313 1043 347 1092 ab
364 1057 448 1109 opere
469 1048 673 1095 converterant.
710 1041 751 1091 23.
771 1041 861 1108 lgitur
874 1056 927 1095 rex

115 1109 302 1162 munientibus
312 1110 388 1160 coria
400 1109 514 1176 velaque
525 1111 608 1162 iussit
618 1109 741 1172 obtendi,
751 1115 783 1160 ut
793 1114 874 1160 extra
882 1116 926 1160 te-

115 1180 136 1230 li
146 1180 248 1228 iactum
258 1183 363 1227 essent:
381 1177 505 1241 duasque
516 1182 608 1228 turres
620 1192 655 1228 ex
666 1179 756 1243 capite
768 1177 851 1228 molis
863 1191 925 1240 ere-

115 1247 165 1305 xit,
183 1259 198 1294 e
218 1243 317 1310 quibus
335 1244 365 1293 in
382 1244 533 1294 subeuntes
547 1243 664 1312 scaphas
683 1245 741 1296 tela
755 1245 846 1311 ingeri
860 1259 926 1309 pos-

116 1315 187 1362 sent.
223 1310 264 1360 24.
285 1311 390 1362 Contra
405 1311 485 1376 Tyrii
501 1313 613 1379 navigia
628 1313 727 1379 procul
741 1328 757 1361 a
770 1317 928 1377 conspectu

116 1379 237 1430 bostium
248 1378 326 1429 litori
336 1375 487 1445 appellunt,
502 1381 693 1446 expositisque
704 1379 849 1440 militibus,
863 1393 926 1442 eos,

117 1446 164 1513 qui
178 1459 245 1497 saxa
260 1445 416 1512 gestabant,
435 1446 609 1498 obtruncant.
646 1449 676 1498 ln
690 1446 799 1498 Libano
811 1461 926 1513 quoque

115 1511 234 1564 Arabum
246 1521 381 1579 agrestes,
393 1514 773 1580 incompositosllllacedonas
783 1516 926 1581 aggressi,

116 1581 233 1647 triginta
242 1579 303 1631 lere
312 1582 494 1645 interficiunt,
506 1583 684 1650 paucioribus
696 1583 793 1648 captis.

167 1649 212 1700 lll.
234 1649 275 1698 Ea
293 1663 338 1700 res
352 1650 538 1702 Alexandrum
559 1651 683 1702 dividere
698 1650 794 1716 copias
812 1653 864 1702 coe
889 1651 925 1702 lt:

116 1721 145 1766 et
155 1731 188 1766 ne
202 1716 325 1783 segniter
335 1718 460 1769 assidere
471 1721 518 1770 uni
529 1719 590 1769 urbi
600 1718 751 1779 videretur,
766 1717 845 1783 operi
856 1665 926 1768 ἱξεῖ-

116 1784 222 1835 diccam
244 1786 443 1853 Craterumque
462 1785 608 1852 praefecit3
635 1786 700 1852 ipse¹
715 1801 776 1836 cum
791 1786 927 1852 expedita

114 1867 197 1903 manu
219 1851 349 1903 Arabiam
372 1854 463 1918 petiit.
499 1857 523 1904 2.
544 1853 619 1904 lnter
636 1851 704 1904 haec
720 1853 804 1919 Tyrii
823 1867 926 1904 navem

114 1919 305 1987 magnitudine
321 1921 431 1980 exinria,
452 1922 529 1972 saxis
542 1935 682 1988 arenaque
698 1937 715 1971 a
729 1921 812 1987 puppi
823 1935 926 1972 onera-

115 1992 180 2049 tam,
191 1986 395 2036 itautmultum
410 2002 493 2053 prora
504 1989 652 2051 emineret,
668 1989 850 2038 bitumineae
867 1989 925 2038 sul·
1015 1983 1016 2002 ³

114 2052 202 2119 phure
212 2053 312 2104 illitam
323 2057 407 2104 remis
418 2057 640 2119 concitaverunt3
660 2063 690 2107 et
700 2071 782 2174 apuam
793 2069 926 2122 magnam

114 2122 169 2172 vim
179 2122 256 2172 renti
266 2121 329 2172 vela
339 2135 450 2188 quoque
462 2125 668 2190 concepissent,
679 2139 711 2174 ce
725 2123 811 2174 eriter
821 2121 925 2174 admo·
1014 2121 1015 2140 ³

113 2188 169 2239 lem
180 2191 329 2240 successit:
345 2195 419 2252 tunc,
430 2204 514 2255 prora
524 2191 585 2242 eius
597 2206 727 2254 accensa,
740 2191 864 2256 remiges
877 2191 927 2242 de-

116 2255 210 2306 siliere
227 2257 254 2306 in
275 2254 401 2324 scaphas,
423 2273 493 2324 quae
512 2259 548 2309 ad
562 2255 616 2311 hoe
634 2261 724 2326 ipsum
738 2264 927 2323 praeparatae

116 2324 311 2388 sequebantur.
347 2325 370 2374 3.
391 2324 475 2376 Navis
486 2332 587 2389 autem,
597 2329 662 2395 igne
673 2331 819 2391 concepto,
836 2325 890 2378 labi

115 2385 232 2439 fundere
247 2390 404 2442 incendium
421 2393 527 2458 coepit3
544 2395 636 2460 quod,
653 2395 813 2460 priusquam
825 2407 896 2460 poss
918 2400 930 2444 t

117 2457 240 2516 occurri,
249 2463 341 2509 turres
352 2466 381 2510 et
391 2469 485 2510 cetera
497 2475 585 2526 opera
594 2463 622 2512 in
632 2463 724 2528 capite
735 2461 818 2512 molis
829 2461 930 2526 posita

116 2520 333 2588 comprehendit.
369 2527 393 2577 4.
417 2529 451 2578 At
484 2529 513 2578 ui
528 2529 691 2588 desilierunt
705 2529 732 2578 in
747 2543 833 2594 parra
848 2529 929 2580 navi-

116 2590 170 2656 gia,
182 2589 267 2652 iaces,
279 2597 307 2641 et
317 2593 449 2660 quidquid
461 2543 561 2645 silendo
571 2597 630 2662 igni
645 2603 737 2660 aptum
753 2602 825 2656 erat,
840 2596 930 2648 inea-

116 2657 177 2706 dem
190 2671 275 2722 opera
285 2658 422 2725 ingerunt.
451 2662 563 2727 lamque
575 2679 628 2712 non
641 2663 723 2715 modo
734 2663 928 2714 Macedonum
