2036 3030
94 223 98 232 .
160 183 193 232 14
344 175 480 227 lOrlNN.
499 175 779 230 FRElNSllEMll

158 285 277 330 testatus
292 285 346 339 est,
363 291 418 327 non
432 276 570 329 iacturum
583 292 627 339 se,
647 278 722 343 quod
735 278 859 345 petisset.
899 280 974 342 Quo

159 345 254 397 audito
265 343 383 396 callidus
392 343 441 395 ille
451 345 574 412 rogavit,
596 352 630 394 „p
637 343 814 410 Lampsacum
833 345 970 400 dirueret.

157 414 218 476 llle,
238 418 267 464 et
285 411 465 462 iurisiurandi
483 413 620 478 religione
642 413 802 474 adstrictus,
823 419 852 464 et
869 417 970 481 magis

158 483 241 532 etiam
251 480 442 545 praeceptoris
453 479 521 530 olim
532 479 576 530 sui
586 482 739 530 saracitate
752 479 892 543 delinitus,
919 498 968 532 ra·
1009 527 1010 534 ,

157 549 223 598 tiam
236 546 403 597 delictorum
413 546 610 614 Lampsacenis
619 517 697 597 lecit
734 547 774 597 29.
791 496 965 612 comoedos,

158 620 187 664 ut
199 613 329 665 instituto
346 628 396 664 suo
411 628 507 681 parum
521 616 703 680 congruentia
715 620 877 678 tractantes,
899 630 967 668 cor-

158 680 371 750 rumpendisque
384 681 508 732 moribus
524 687 616 742 natos,
635 682 791 732 contemsit.
826 679 967 750 Neglexit

158 755 185 800 et
204 748 327 816 pugiles,
347 763 510 816 quamquam
530 749 640 799 uroximi
660 754 716 799 tum
730 749 759 799 in
773 749 892 801 Graecia
911 751 966 801 lie-
1010 761 1011 820 p

157 823 230 867 rent:
251 815 324 866 forte
336 816 411 882 quod
422 817 530 867 otiosos
542 823 570 868 et
581 832 610 866 sa
634 819 694 866 'nae
706 816 846 880 addictos,
866 818 967 869 valida
1009 843 1011 870 r

157 827 966 953 membraspectaculorumpotiusllrdibriis,quampatriae

159 949 372 1002 necessitatibus
384 951 570 1012 commodare,
581 967 636 1001 non
647 951 792 1016 probabat.
827 951 868 1002 30.
884 951 964 1002 Reli·
1011 993 1012 1012 ,

158 1035 225 1086 quau
236 1025 324 1079 artes,
346 1019 430 1068 etiam
445 1033 512 1084 quas
526 1019 586 1084 ipse
598 1033 653 1068 non
670 1021 813 1086 attigerat,
832 1019 964 1085 impense
1011 1043 1012 1082 p

159 1087 240 1136 fovit.
275 1084 354 1136 Unde
367 1090 471 1135 extoto
486 1084 546 1136 fere
559 1084 625 1136 orbe
637 1087 740 1150 passim
751 1086 786 1136 ad
796 1093 884 1150 ipsum
896 1101 964 1137 con-

158 1153 288 1214 fluebant,
300 1153 455 1219 quicunque
465 1152 568 1219 insigni
580 1151 779 1218 aliquaperitia
788 1153 965 1216 praecellere

158 1222 213 1272 sibi
222 1221 397 1271 videbantur:
413 1221 493 1287 eique
503 1220 549 1270 vel
558 1219 664 1286 ingenii
674 1219 717 1270 sui
726 1226 905 1270 monumenta
915 1221 952 1272 do

159 1288 297 1349 dicabant,
307 1286 353 1338 rel
363 1284 487 1339 exhibito
498 1287 566 1338 artis
577 1301 644 1337 suae
655 1285 815 1352 specimine,
826 1301 842 1336 a
852 1289 963 1338 muniti·

158 1356 319 1406 tentissimo
330 1369 440 1421 regum,
456 1361 484 1404 et
494 1356 573 1405 cuius
584 1355 676 1404 animo
687 1352 799 1404 fortuna
807 1356 963 1420 responde·
1012 1371 1013 1378 ¹

156 1429 212 1485 ret,
232 1423 381 1473 immensos
400 1422 562 1489 plerumque
582 1422 693 1472 divitias
708 1421 960 1488 consequebantur.

156 1492 197 1542 31.
217 1490 308 1541 Etiam
320 1505 389 1557 quos
398 1490 497 1558 procul
507 1489 616 1555 positos
626 1489 770 1554 praeclara
780 1489 899 1540 eruditio
911 1499 962 1541 aut

156 1559 243 1608 virtus
257 1557 481 1620 commendabat,
500 1558 536 1608 iis
553 1557 679 1623 ingentia
691 1570 805 1607 munera
818 1557 893 1607 ultro
905 1557 961 1610 lar-

156 1625 210 1694 giri
230 1632 423 1676 consueverat.
458 1624 547 1692 Igitur
562 1629 656 1674 tantus
675 1639 708 1675 ea
725 1629 891 1691 tempestato
910 1624 960 1674 do·
1013 1625 1014 1650 l

157 1699 264 1744 ctorum
274 1699 356 1760 atque
367 1693 523 1744 sollertium
533 1691 673 1744 hominum
688 1698 837 1759 proventus
847 1690 912 1753 luit,
929 1699 961 1742 ut

156 1763 202 1812 rix
214 1761 272 1812 ulla
280 1767 358 1812 aetas
367 1761 449 1812 bonis
459 1759 564 1812 artibus
579 1761 722 1827 copiosior
732 1759 880 1810 exstiterit.
915 1759 957 1814 32.

156 1829 255 1881 Solent
265 1829 337 1880 enim
346 1829 459 1896 ingenia
467 1842 615 1895 moresque
626 1827 756 1894 componi
763 1825 959 1891 adprincipum

154 1905 288 1960 mentem3
318 1899 462 1964 omnisque
484 1895 544 1946 fere
564 1900 719 1958 temporum
743 1891 888 1944 inclinatio
915 1909 959 1944 rc·

156 1964 298 2032 guantium
309 1962 425 2013 infamia
435 1961 479 2012 vel
489 1963 575 2014 decus
585 1967 636 2010 est.

205 2029 252 2084 IV.
271 2029 446 2080 Ex'vcterum
456 2027 642 2078 monumentis
653 2025 721 2076 nihil
732 2025 959 2078 antebabuitllo-

156 2113 243 2160 mero,
262 2110 343 2164 quem
355 2112 438 2146 unum
456 2109 563 2144 omnem
578 2094 755 2160 sapientiam,
775 2110 829 2161 qua
840 2096 958 2163 imperia

155 2170 296 2225 constant,
313 2163 415 2228 optime
427 2161 599 2228 complexum
611 2175 677 2212 esse
686 2163 855 2213 autumabat:
873 2161 956 2211 adeo-

156 2247 209 2298 que
221 2246 283 2283 eum
294 2230 374 2281 cordi
384 2228 488 2291 habuit,
497 2229 641 2280 utGraeco
652 2236 838 2297 cognomento
850 2236 957 2279 amator

154 2298 272 2350 Homeri
291 2298 440 2348 diceretur.
485 2300 510 2349 2.
532 2297 633 2348 Libros
653 2298 712 2348 eius
732 2312 841 2364 semper
862 2311 955 2346 secum

155 2365 229 2416 ferre
243 2365 352 2427 solitus,
373 2366 457 2417 etiam
472 2380 553 2433 quum
568 2366 738 2432 quiesceret,
759 2380 813 2415 una
831 2378 892 2413 cum
908 2379 955 2430 pu-

155 2435 238 2501 gione
257 2432 308 2484 sub
326 2433 456 2485 cervicali
475 2434 641 2500 reponebat,
661 2433 777 2483 militiae
797 2446 864 2481 suae
878 2432 956 2482 viati-

60 2509 62 2514 ’
155 2517 216 2552 cum
241 2507 270 2552 et
290 2501 493 2553 institutionem
518 2500 636 2552 bellicae
668 2501 778 2549 virtutis
804 2499 954 2564 appellans.

153 2567 289 2620 Achillem
300 2569 478 2634 praedicabat
488 2569 611 2632 felicem,
633 2567 706 2635 quod
724 2572 829 2616 tantum
845 2566 957 2616 virtutis

155 2651 222 2688 suae
241 2652 408 2704 praeconem
426 2638 588 2689 invenisset.
624 2635 649 2686 3.
671 2633 791 2700 Reperto
811 2635 884 2684 inter
901 2633 956 2683 Da·

153 2721 310 2758 masccnam
320 2707 451 2775 praedam
468 2705 602 2756 materiae
619 2715 757 2769 curaeque
774 2700 955 2767 exquisitissi-
