2098 3040
114 215 166 272 854
333 208 698 273 QU1N'rlcURT11

116 329 223 368 amnem
235 327 368 380 superare
381 312 558 373 decreverat,
569 311 688 361 transitu
699 308 852 371 difficilem,
858 321 921 359 mon

115 383 206 451 spatio
223 381 314 432 solum
328 395 470 446 aquarum,
493 377 641 430 sedetiam
657 380 732 429 saxis
747 375 919 444 impeditiun.

115 453 140 501 2.
160 450 345 500 Percontatus
355 447 442 516 igitur
452 444 575 513 Phegea,
596 459 668 513 quae
678 445 821 496 noscenda
831 449 920 505 erant,

115 517 155 570 XI
175 517 283 568 dierum
302 516 376 566 ultra
394 513 495 564 flumen
533 529 563 564 er
577 518 670 564 vastas
685 512 854 564 solitudines
867 511 921 562 iter

115 599 178 636 esse
190 583 349 650 cognoscit:
362 583 491 648 excipere
522 579 604 632 einde
616 579 752 648 Gangem,
770 581 920 632 maximum

115 653 203 703 totius
213 649 308 702 Indiae
319 649 470 702 fluminum.
506 649 530 699 3.
546 648 715 699 Ulteriorem
725 649 814 714 ripam
826 647 923 697 colere

115 724 214 788 gentes
226 717 400 786 Gangaridas
412 722 441 768 et
450 716 576 779 Prasios3
588 730 740 782 eorumque
750 729 847 782 regem
859 728 924 765 esse

115 789 310 854 Aggrammen,
322 785 376 834 XX
384 785 507 836 millibus
519 784 642 851 equitum
652 783 835 850 ducentisque
845 782 923 850 pedi-

115 865 174 906 tum
184 853 359 904 obsidentem
370 853 439 903 vias.
473 852 498 901 4.
517 852 559 902 Ad
568 849 638 902 haec
653 850 922 919 quadrigarum-duo

115 921 205 974 millia
217 918 339 982 trahere,
360 927 389 971 et
404 921 582 988 praecipuum
594 925 733 972 terrorem
747 914 925 984 elephantos,

62 1003 64 1009 ·
135 1004 188 1040 uos
205 989 290 1040 trium
309 988 426 1039 millium
446 1001 588 1038 numerum
608 986 721 1053 explere
737 985 862 1036 dicebat.
898 987 923 1036 5.

115 1005 295 1110 lncredibilia
314 1056 377 1123 regi
397 1055 490 1106 omnia
506 1054 681 1106 videbantur.
711 1053 806 1122 'Igitur
819 1053 925 1105 Porum

118 1125 193 1188 (nam
205 1139 265 1175 oum
277 1138 312 1174 eo
325 1124 397 1183 erat)
408 1128 602 1190 percontatur,
614 1137 649 1173 an
660 1136 726 1173 vera
737 1128 840 1184 essent,
852 1136 925 1189 quae

118 1189 294 1244 dicerenturi
314 1189 338 1240 6.
349 1189 400 1240 llle
411 1192 484 1242 vires
495 1190 606 1257 quidem
617 1191 710 1256 gentis
721 1195 750 1240 ct
760 1189 841 1257 regni
850 1186 926 1240 haud

117 1257 191 1310 falso
202 1258 303 1308 iactari
313 1257 443 1308 affirmate
458 1262 582 1308 ceterum
592 1259 639 1324 qui
649 1264 790 1325 regnaret,
801 1272 856 1308 non
866 1270 926 1308 nro·

119 1325 155 1376 do
166 1322 321 1392 ignobilem
332 1338 410 1387 esse,
421 1323 565 1376 sedetiam
576 1325 691 1376 ultimae
702 1325 802 1387 sortis3
822 1324 927 1391 quippe

119 1398 225 1460 patrem
240 1392 311 1454 eius,
330 1398 484 1454 tonsorem,
504 1393 552 1443 rix
566 1393 665 1443 diurno
681 1401 799 1460 quaestu
813 1391 928 1458 propul-

121 1465 227 1512 santem
247 1457 361 1522 laniem,
391 1467 506 1526 propter
524 1457 649 1511 habitum
668 1458 742 1511 haud
762 1459 927 1510 indecorum

121 1528 199 1580 cordi
220 1525 309 1578 fuisse
327 1527 451 1596 reginae.
486 1527 513 1578 ἵ.
530 1527 571 1579 Ab
591 1541 626 1578 ea
641 1529 670 1578 in
684 1529 845 1596 propiorem
855 1526 928 1590 eius,

121 1596 237 1662 quitum
247 1602 408 1664 regnasset,
420 1595 560 1647 amicitiae
571 1594 664 1646 locum
676 1595 830 1658 admotum,
840 1596 928 1647 inter·

121 1663 197 1714 lecto
210 1678 244 1714 eo
255 1664 441 1730 perinsidias,
447 1663 498 1714 sub
508 1662 603 1730 specie
613 1663 719 1714 tutelae
730 1662 928 1725 liberum,eius

120 1731 259 1782 invasisse
269 1745 399 1798 regnmn3
412 1732 574 1799 necatisque
584 1731 689 1797 pueris,
699 1729 785 1793 buno,
798 1730 845 1848 qui
854 1744 929 1782 nuno

121 1804 233 1866 regnat,
252 1813 417 1867 generasse,
437 1799 556 1850 invisum
575 1798 714 1866 vilemque
735 1813 810 1865 popu
822 1796 930 1868 oribus,

121 1867 211 1934 magis
220 1873 353 1933 paternae
363 1866 505 1928 fortunae,
518 1881 599 1932 quam
608 1881 692 1929 suae,
706 1881 866 1918 memorem.
904 1865 931 1916 8.

121 1934 277 1985 Affirmatio
298 1933 365 1985 Pori
383 1932 565 2000 multiplicem
585 1935 677 1984 animo
696 1933 933 2001 regis-iniecerat

122 2017 225 2054 curem.
260 2001 380 2052 Hostem
397 2001 561 2067 belluasque
578 2002 739 2066 spernebat:
760 2001 931 2054 situmloco·

121 2086 192 2131 rum,
213 2069 305 2121 etvini
316 2067 458 2121 fluminum
470 2069 684 2121 extimescebat:
712 2069 736 2122 9.
746 2071 892 2149 relegatos
902 2068 933 2120 in

28 2167 31 2174 ·
123 2138 250 2189 ultimum
269 2151 357 2202 paene
378 2153 470 2188 rerum
491 2135 670 2188 humanarum
690 2151 822 2204 persequi
837 2136 934 2188 termi-

122 2222 200 2268 num,
212 2213 240 2256 et
249 2219 366 2268 eruere,
377 2207 493 2256 arduum
504 2205 659 2267 videbatur.
694 2205 801 2256 Rursus
812 2205 935 2255 avaritia

122 2271 232 2388 gloriae
245 2280 274 2325 et
284 2273 453 2324 insatiabilis
463 2273 566 2340 cupido
577 2272 668 2324 famae
678 2270 749 2324 nihil
759 2273 878 2334 invium,
887 2272 935 2322 ni-

143 2339 165 2390 il
174 2346 310 2392 remotum
321 2341 410 2392 rideri
424 2341 542 2392 sinebat.
580 2343 620 2392 1⁰.
639 2341 675 2392 Et
692 2341 833 2392 interdurn
854 2339 934 2391 dubi·

124 2406 211 2468 tabat,
227 2423 263 2457 an
273 2408 454 2472 Macedones,
463 2415 508 2461 tot
519 2411 626 2461 emensi
637 2409 728 2475 spatia
735 2415 887 2470 terrorum,
906 2408 935 2456 in

124 2475 185 2525 acie
197 2475 263 2526 etin
275 2479 375 2528 castris
384 2491 467 2528 senes
477 2476 555 2538 faeti,
566 2491 616 2544 per
627 2475 740 2528 obiecta
750 2475 875 2538 llumina,
883 2485 940 2542 per

123 2547 167 2592 tot
185 2548 301 2593 naturae
323 2544 467 2597 obstantes
487 2544 666 2596 difficultates
687 2545 812 2596 secuturi
826 2547 934 2595 essent.

123 2609 301 2661 abundantes
313 2617 484 2680 onustosque
496 2613 608 2681 praeda,
619 2612 709 2682 magis
720 2619 800 2679 parta
809 2610 868 2663 frui
876 2609 936 2662 rel-

124 2675 161 2734 le,
182 2691 263 2741 quarn
278 2675 450 2744 adquirenda
460 2680 583 2747 fatigari.
620 2681 660 2730 ll.
680 2679 828 2732 Nonidem
838 2677 940 2730 sibiet

125 2741 258 2795 militibus
270 2745 353 2796 animi
366 2761 437 2798 esse.
459 2747 505 2809 Se,
515 2747 603 2798 totius
614 2746 689 2799 orbis
700 2748 849 2816 imperium
857 2760 938 2799 men·
