2054 3030
227 190 229 193 .
301 147 446 200 LrBrcR
466 149 513 202 ΠΙ.
537 149 630 202 ΘΑΡ.
655 151 696 204 du
851 151 900 205 111

77 260 190 300 euram
209 249 421 316 distrinxerunt3
449 250 614 304 aliilaetum
632 253 661 304 id
679 253 741 322 regi
760 255 900 307 somnium

77 329 160 370 ease
172 314 313 380 dicebant,
330 319 404 386 quod
418 325 511 370 caetra
525 317 647 370 boatium
660 321 805 386 maiacent,
823 322 900 391 quod

75 382 287 448 Alexandrum,
298 385 426 452 deposita
434 387 515 453 regia
523 391 615 447 reate,
635 389 665 437 in
675 387 790 442 Persico
801 393 830 442 et
839 389 899 442 vul·

79 450 153 518 gari
174 448 271 502 habitu
289 454 453 520 perductum
473 468 537 505 ease
555 454 683 505 vidisset.
728 455 753 508 b.
778 455 899 520 Quidam
927 503 933 514 .

78 522 192 568 contra
206 521 424 586 augurabantur:
450 521 554 588 quippe
571 521 695 573 illustria
711 522 898 578 Macedonum

77 591 187 636 castra
204 586 265 638 visa
282 586 422 656 fulgorem
436 589 595 639 Alexandro
614 588 797 656 portendere:
815 605 897 658 quem

77 665 209 720 regnum
227 655 309 706 Asiae
329 669 397 706 occu
419 663 529 706 aturum
548 669 612 706 ease
619 691 628 718 ‚
647 653 722 706 haud
745 657 899 726 ambigere,

79 720 222 788 quoniam
236 722 265 772 in
281 722 381 774 eodem
399 671 497 773 {abitu
507 721 612 773 Darius
624 721 737 785 luisset,
758 739 842 790 quum
851 739 897 791 ap·

78 787 212 854 pellatua
232 795 277 841 eat
293 804 354 842 rex.
391 787 416 838 6.
434 788 541 841 Vetera
560 801 670 856 quoque
687 790 793 853 omina,
811 797 845 842 at
856 791 898 855 m,

79 857 253 910 sollicitudo
273 862 468 908 revocaverat:
483 855 600 907 Darium
619 857 692 908 enirn
710 856 740 908 in
758 858 898 926 principio

78 925 202 991 imperii
219 924 349 990 vaginam
370 924 492 974 acinacis
506 923 650 976 Persicam
661 924 780 976 iussisse
795 925 900 977 mutari

78 994 113 1044 in
127 1005 194 1042 eam
203 989 337 1051 sormam,
357 1005 411 1056 qua
425 989 525 1042 Graeci
535 997 696 1056 uterentur3
711 992 898 1062 protinusque

81 1058 250 1111 Chaldaeos
260 1058 467 1125 interpretatos,
480 1058 628 1126 imperium
638 1058 787 1112 Persarum
800 1060 836 1112 ad
846 1073 900 1112 eus

79 1126 286 1186 transiturum,
304 1139 419 1192 quorum
429 1127 735 1180 armaeaac'timitatua.
771 1129 796 1181 ἵ.
817 1127 898 1180 Gete-

81 1207 150 1248 rum
161 1193 225 1259 ipse
237 1198 267 1244 et
274 1201 367 1244 vatrnn
380 1209 530 1262 responso,
551 1195 626 1262 quod
642 1195 778 1247 edebatur
794 1195 825 1248 in
838 1196 900 1248 ral-

83 1260 897 1396 ttaitit}tilietiiizltttllttliadfflt·

262 1363 270 1389 5
825 1366 832 1382 ι
886 1367 895 1382 ο

83 1397 187 1450 Patrio
204 1409 283 1446 more
297 1395 446 1448 Persarum
464 1397 598 1448 traditum
612 1403 663 1460 est,
686 1404 750 1450 ortu
770 1399 833 1450 acle
847 1398 896 1450 de·

84 1477 163 1517 mum
177 1463 341 1530 procedere.
376 1463 431 1514 Die
445 1465 501 1514 iam
514 1464 629 1527 illustri,
649 1465 760 1533 algnana
774 1479 789 1516 e
804 1464 898 1517 taber·

85 1530 190 1584 maculo
200 1533 276 1598 regis
286 1530 405 1581 buccina
417 1531 543 1583 dabatur.
576 1531 666 1599 Super
674 1532 895 1594 tabernaculum,

84 1599 162 1652 unde
177 1598 211 1648 ab
225 1598 353 1648 omnibus
374 1598 500 1664 conspici
532 1604 618 1660 osset,
638 1600 731 1668 imago
749 1599 819 1652 aelia
834 1613 898 1667 cry·

88 1667 174 1719 stallo
184 1665 294 1716 inclusa
303 1663 439 1734 fulgebat.
474 1663 499 1716 9.
552 1665 588 1716 do
603 1672 695 1716 autern
704 1667 823 1734 agminia
834 1672 896 1717 erat

85 1735 164 1786 talis.
182 1733 268 1801 lgnis,
278 1747 359 1798 quem
369 1732 423 1798 ipsi
434 1745 544 1782 oacrum
555 1736 585 1782 et
594 1737 738 1783 aeternum
746 1733 894 1794 vocabant,

86 1803 230 1870 argenteis
241 1799 376 1852 altaribus
386 1797 606 1866 praeferebatur.
630 1799 709 1865 Mag-i
718 1799 839 1866 proximi
848 1813 895 1864 pa·

84 1871 172 1921 trium
191 1882 302 1920 carmen
315 1868 461 1919 canebant.
499 1869 540 1918 ld.
558 1865 659 1934 Magoa
676 1865 839 1946 trecenti-ct
852 1880 897 1917 ae·

86 1934 897 2069 {t..titilius{tessellatautilitum

88 2070 185 2126 Persio
198 2085 307 2139 quoque
322 2071 352 2121 in
366 2069 560 2122 totidem'dies
575 2070 731 2136 descriptus
742 2073 786 2120 est
795 2083 893 2118 annus.

89 2143 131 2192 11.
150 2141 265 2191 Currum
277 2138 376 2189 deinde
387 2138 448 2189 lori
462 2144 600 2189 sacratum
614 2137 742 2188 albentes
755 2132 895 2186 vehebant
935 2173 937 2178 -

89 2207 165 2277 equi:
184 2205 236 2258 hos
252 2207 370 2258 eximiae
385 2205 584 2274 magnitudinis
600 2220 697 2273 equus,
716 2217 798 2270 quem
817 2201 892 2254 Solia

88 2274 278 2345 appellabant,
295 2273 473 2341 sequebatur.
508 2271 619 2322 Aureae
643 2273 740 2338 virgae
764 2275 794 2320 et
811 2269 891 2321 albae

86 2349 182 2396 restes
190 2348 321 2410 regentes
332 2357 419 2408 equos
429 2339 609 2391 adornabant.
641 2341 681 2388 ll.
700 2337 783 2388 Haud
793 2337 893 2404 procul

89 2415 170 2464 erant
179 2407 306 2461 vehicula
317 2410 422 2471 decem,
440 2409 527 2458 multo
537 2421 605 2458 auro
617 2410 790 2472 argentoque
801 2407 891 2457 caela-

86 2491 126 2531 ta.
164 2475 336 2544 Sequebatur
350 2475 420 2526 haec
434 2476 574 2543 equitatus
595 2473 742 2524 duodecim
756 2475 892 2540 gentium,

86 2546 172 2598 variis
193 2547 276 2596 armis
295 2551 324 2596 et
342 2543 476 2594 moribus.
514 2541 555 2593 13.
578 2541 700 2592 Proximi
722 2541 801 2593 ibant
820 2552 891 2606 quos

87 2616 192 2668 Persae
202 2611 376 2664 Immortales
387 2616 497 2672 vocant,
509 2608 651 2660 addacem
660 2608 756 2660 millia.
793 2607 893 2657 Cultus

88 2681 247 2750 opulentiae
257 2681 391 2730 barbarae
402 2695 458 2729 nou
471 2679 542 2728 alios
552 2678 641 2744 magis
654 2675 833 2728 honestabat:
847 2671 890 2722 illi
