2082 3042
17 1464 19 1470 ’
102 1461 188 1510 drum.
224 1461 248 1509 8.
267 1459 335 1510 Erat
343 1461 372 1510 in
384 1475 417 1510 eo
429 1457 557 1510 convivio

99 220 149 270 ars
315 214 678 278 cururrcuurrr
741 194 743 200 '
797 277 799 284 ι

100 327 129 372 et
147 325 226 385 parto
245 331 295 384 per
313 317 404 368 scelus
426 331 514 384 regno
534 316 679 382 superbus,
700 331 732 367 ac
743 303 903 382 vixpoteus'

99 386 209 447 mentis,
220 385 325 435 dicere:
337 383 494 447 „Sccordia
504 383 583 434 Darii
595 384 716 434 crevisse
727 381 849 434 hostium
859 382 901 433 la-

99 469 179 504 mam.
215 453 240 502 4.
261 451 423 502 Occurrisse
440 454 512 503 enim
526 449 555 500 in
566 450 682 501 Ciliciae
694 450 901 518 angustissimis

98 520 235 582 faucibus,
256 535 338 586 quum
355 517 559 569 retrocedendo
580 523 677 584 posset
691 518 844 580 perducere
860 519 902 569 in-

99 595 197 640 cautos
213 587 242 637 in
256 587 320 638 loca
334 592 449 636 naturae
460 587 516 637 situ
525 586 609 647 invia,
628 591 673 634 tot
682 583 840 636 fluminibus
853 586 902 636 cb-

98 656 188 717 iectis‚
209 654 396 706 tctmontium
405 653 530 716 latebris,
549 653 622 703 inter
632 667 700 717 quas
711 649 902 718 deprehensus

86 721 198 785 bostis,
219 735 252 772 ne
262 721 293 772 fu
314 737 346 771 ae
360 720 480 787 quidem,
500 720 601 770 nedum
614 720 763 770 resistendi
776 721 903 770 occasio-

100 806 161 841 nem
171 789 257 839 iuerit
267 737 420 840 habiturus.
456 790 480 846 5.
500 786 560 839 Sibi
571 788 683 853 plaeere
697 787 725 838 in
741 786 902 854 Sogdianos

98 857 242 908 recedere:
256 857 345 906 Oxum
356 871 462 908 amnem
472 857 549 906 velut
557 853 844 908 murumcbiecturum
852 852 902 904 ho-

100 926 148 988 sti,
169 925 232 974 dum
245 939 280 974 ex
290 924 413 974 finitimis
424 920 553 991 gentibus
563 922 657 973 valida
666 921 771 972 auxilia
784 936 901 972 concur·

99 999 202 1042 renent.
241 991 425 1042 attentares
446 997 539 1041 autem
558 988 737 1040 Chorasmios
758 995 787 1040 et
804 987 902 1039 Dahas

101 1060 242 1126 Sacasque
253 1065 281 1108 et
291 1057 387 1119 Indos,
409 1064 438 1109 et
447 1059 520 1109 ultra
530 1057 647 1108 Tanaim
657 1069 764 1106 amnem
775 1056 902 1107 colentes

103 1125 234 1194 Scythas3
256 1140 373 1192 quorum
387 1126 523 1175 neminem
540 1125 610 1175 adeo
627 1121 758 1174 humilem
773 1138 850 1183 esse,
863 1129 904 1174 ,ut

100 1193 206 1244 humeri
221 1193 280 1242 eius
292 1207 346 1241 non
358 1199 476 1257 possent
483 1191 648 1242 Macedonis
657 1191 754 1241 militis
769 1191 903 1242 verticem

100 1261 251 1325 aequare.“
278 1260 302 1307 7.
315 1258 495 1310 Conclamant
503 1259 658 1320 temulenti,
668 1273 750 1316 uuam
761 1257 831 1308 bauo
841 1273 903 1308 sen·

99 1327 214 1376 tentiam
226 1324 364 1375 salubrem
377 1339 450 1375 esse:
463 1324 600 1376 etBessus
613 1325 786 1376 circumferri
796 1340 903 1378 merum

102 1393 206 1458 largius
225 1392 312 1454 iubet,
332 1389 521 1443 debellaturus
540 1407 623 1510 sager
642 1408 765 1444 mensam
785 1394 903 1444 Alexan-

591 1460 701 1523 obares,
720 1461 903 1511 nationeMe·

102 1529 168 1590 dus,
179 1527 229 1578 sed
240 1529 364 1594 magicae
375 1529 443 1578 artis
455 1529 492 1589 (si
503 1529 585 1578 modo
597 1543 642 1579 ars
654 1533 709 1590 est,
720 1543 776 1579 non
786 1529 903 1578 vanissi-

102 1595 140 1646 mi
159 1597 291 1664 cuiusque
313 1595 473 1657 ludibrium)
492 1596 581 1662 magis
600 1593 790 1662 professione,
821 1609 903 1662 quam

103 1664 230 1726 scientia,
240 1664 364 1727 eeleber;
382 1663 506 1730 alioquin
517 1663 677 1714 moderatus
688 1669 717 1712 et
727 1663 840 1728 probus.
878 1661 902 1712 9.

101 1731 130 1782 ls
149 1747 232 1798 quum
245 1729 385 1798 praefatus
403 1737 487 1792 esset,
507 1731 610 1792 „scire
632 1744 713 1781 servo
727 1730 824 1781 utilius
840 1744 903 1781 esse

102 1813 200 1865 parere
212 1798 297 1862 dicto,
309 1815 389 1866 quam
402 1797 503 1849 afferre
514 1798 669 1858 consilium,
681 1813 762 1864 quum
773 1797 903 1864 illcs,qui

102 1873 227 1934 pareant,
247 1868 320 1918 idem
341 1867 414 1932 quod
435 1871 545 1916 ceteros
565 1871 688 1928 maneat,
707 1867 830 1931 quivero
842 1879 904 1915 sua·

104 1933 195 1995 deant,
215 1936 357 2000 proprium
367 1934 553 1999 periculum:“
571 1932 699 1999 poculum
712 1933 749 2000 ei,
771 1933 846 1998 quad
857 1929 904 1982 ba-

105 2001 188 2052 oebat
196 2001 225 2050 in
234 2017 325 2061 manu,
335 2001 460 2051 tradidit.
497 2001 537 2050 1⁰.
558 1999 619 2060 Quo
632 2005 756 2066 accepto,
769 1998 905 2062 Gobares,

104 2067 219 2130 Natura,
241 2070 339 2134 inquit,
358 2065 511 2117 mortalium
521 2065 572 2117 boe
582 2083 684 2132 quoque
698 2066 804 2117 nomine
815 2082 906 2133 praua

104 2144 131 2186 et
138 2134 248 2186 sinistra
258 2133 311 2184 dici
315 2142 418 2200 potest,
440 2131 549 2198 quadiu
561 2149 608 2184 sao
620 2132 729 2201 quisque
738 2133 849 2202 negotio
860 2133 905 2185 Ire·

105 2202 246 2263 deuorari,
267 2199 383 2279 quamdo
395 2199 489 2250 alieno.
525 2202 565 2252 11.
588 2199 708 2252 Turbida
722 2201 908 2252 euutccmr'lia

104 2284 204 2328 aarum,
227 2284 271 2334 qua
281 2266 460 2318 eibieuadeot.
498 2263 596 2318 Obstat
609 2275 711 2329 metam
730 2268 790 2319 aliis
804 2268 906 2336 eupidi-

105 2344 162 2394 tas,·
182 2349 372 2400 nonnunquam
387 2335 518 2385 naturalis
531 2351 631 2399 eorum,
652 2351 719 2402 quae
733 2334 906 2403 cogitaveris,

105 2417 189 2452 amor.
227 2399 297 2451 Nam
314 2400 343 2451 iu
362 2409 387 2452 te
400 2401 524 2468 superbia
538 2419 591 2452 oon
606 2401 686 2454 cadit.
722 2401 861 2470 Expertae
872 2419 907 2465 er,

102 2482 321 2536 unamquemque,
334 2469 406 2536 quod
413 2469 468 2536 ipre
477 2471 616 2536 repererit,
627 2471 767 2521 aureolum
777 2477 828 2521 aut
837 2471 905 2550 apti-

102 2551 173 2587 mum
184 2537 284 2587 ducere.
304 2537 343 2586 la.
356 2535 487 2588 Marcum
498 2551 563 2587 ortus
572 2537 683 2588 susfiuee
694 2537 789 2604 capite,
800 2553 906 2606 regrum

102 2602 216 2672 inrigare.
227 2601 288 2655 Hoc
299 2612 347 2654 aut
355 2575 491 2655 moderate
496 2603 689 2720 perferendum
699 2612 811 2666 est,·aut
822 2603 908 2672 (quod

103 2669 263 2734 abominor)
274 2670 302 2720 iu
314 2679 339 2721 te
349 2679 416 2722 ruet.
455 2669 536 2722 Consi
544 2670 583 2734 io,
596 2688 649 2722 uon
660 2671 769 2740 impetu,
780 2687 846 2738 apua
857 2679 904 2723 ert.

104 2736 144 2786 13.
158 2739 261 2789 adiicit
272 2739 381 2802 deinde,
392 2739 466 2806 quod
477 2737 720 2803 apudBactrianos
731 2738 815 2814 mrlgo
826 2754 905 2790 usur·
