2054 3030
342 219 487 270 LIBER
509 219 555 270 lV.
580 221 674 271 GAP.
701 221 725 271 3.
898 219 946 269 itt

132 327 172 384 ei,
186 322 262 389 quod
271 323 298 372 in
310 320 469 373 huiusmodi
480 336 548 373 casu
560 322 672 383 accidit,
687 324 771 390 periti
782 324 889 390 ignaris
901 339 947 390 pa-

132 390 245 440 rebant:
266 382 367 457 qui'ppe
382 390 600 457 gubernatores,
620 389 690 440 alias
705 391 844 457 imperare
857 391 947 452 soliti,

131 464 193 507 tum
206 463 281 507 metu
292 458 389 508 nrtrrtis
400 459 479 508 iussa
489 457 724 524 exsequebantur.
767 459 892 510 Tandem
904 473 947 508 re·

132 525 188 575 mis
201 524 370 592 pertinacius
384 525 578 576 everberatum
594 539 684 587 mare,
703 524 789 576 veluti
804 527 946 594 eripienti-

132 593 187 643 bus
203 592 313 660 navigia
327 593 454 644 classicis
469 594 567 644 cessit:
589 591 761 659 appulsaque
778 601 843 644 sunt
857 595 945 656 litori,

131 661 258 711 lacerata
268 661 411 728 pleraque.
449 659 489 710 19.
510 661 612 712 lisdem
629 659 728 710 diebus
743 657 817 710 icrte
833 659 946 714 Cartha-

132 728 302 796 giniensium
319 727 408 795 iegati
423 728 542 794 triginta
557 729 771 795 superveniunt,
791 729 880 778 maius
899 729 947 779 ob·

133 797 222 848 sessis
238 797 380 858 solatium,
402 810 484 862 quam
505 794 651 846 auxilium:
673 795 774 862 quippe
790 794 947 846 domestico

131 863 211 915 bello
223 863 336 916 Poenos
347 863 490 929 inrpediri3
500 877 554 914 nec
565 862 599 913 de
611 863 739 929 imperio,
751 863 802 913 sed
812 877 862 928 pro
875 862 947 913 salu-

131 939 163 983 te
178 931 323 992 dimicare,
338 930 512 981 nuntiabant.
548 933 590 984 2⁰.
610 929 782 996 Syracusani
796 936 861 982 tunc
877 929 949 980 Afri-

133 1014 196 1051 cam
208 999 336 1060 urebant,
356 1005 384 1048 et
394 994 468 1048 haud
479 998 577 1066 procul
588 997 766 1067 Carthaginis
776 999 864 1049 muris
875 998 950 1048 loca·

132 1074 235 1118 verant
254 1073 356 1116 castra.
390 1063 454 1118 Non
473 1073 566 1118 tamen
586 1065 718 1118 deiecere
738 1066 838 1118 animis
858 1066 950 1132 Tyrii,

134 1148 303 1202 quamquam
314 1132 348 1182 ab
359 1133 526 1202 ingentispe
537 1135 666 1186 destituti
677 1141 768 1200 erant,
788 1135 838 1186 sed
854 1134 950 1184 coniu-

132 1215 188 1322 ἴου
199 1201 358 1268 liberosque
370 1199 752 1273 devehendosCarthaginem
762 1203 950 1264 tradiderunt,
1016 1263 1017 1266 Ἴ

148 1270 239 1321 nrtius
255 1270 387 1336 quidquid
402 1271 546 1323 accideret
560 1271 654 1333 laturi,
675 1271 699 1322 si
718 1272 891 1330 carissimam
906 1271 951 1321 sui

132 1345 244 1406 partem
259 1343 338 1388 extra
352 1340 506 1390 communis
520 1340 639 1406 periculi
655 1345 760 1390 sortem
775 1338 949 1390 habuissent.

131 1409 176 1458 tt.
197 1404 342 1473 Quumque
354 1423 424 1457 unus
435 1421 450 1458 e
461 1407 568 1459 civibus
584 1408 713 1459 concioni
725 1407 888 1470 indicasset,
901 1406 949 1457 ob-

132 1475 220 1526 latam
231 1488 294 1524 esse
305 1488 354 1540 per
364 1490 491 1525 somnum
502 1475 557 1525 sibi
567 1476 689 1542 speciem
702 1475 850 1542 Apollinis,
867 1489 950 1542 quern

134 1542 240 1594 eximia
250 1542 388 1608 religione
399 1543 535 1606 colerent,
545 1543 823 1607 urbemdeserentis;
834 1542 950 1594 molem-

134 1623 189 1678 que
201 1625 218 1660 e
228 1608 430 1662 Macedonibus
443 1610 546 1662 iactam
556 1610 584 1662 in
595 1611 666 1673 salo¹
686 1611 715 1660 in
727 1611 885 1662 silvestrem
897 1609 951 1661 sal-

135 1687 193 1729 tunr
206 1692 270 1730 esse
279 1683 424 1728 mutatam:
449 1679 492 1728 2².
510 1693 676 1744 quamquam
687 1685 786 1728 auctor
797 1678 868 1730 levis
880 1683 949 1736 erat,

134 1751 228 1796 tannen
240 1745 276 1795 ad
284 1745 427 1796 deteriora
437 1744 578 1795 credenda
586 1745 668 1810 proni
679 1750 764 1806 metu,
781 1759 867 1795 aurea
877 1749 951 1794 cate-

136 1831 171 1865 na
185 1813 338 1864 devinxere
359 1812 548 1873 simulacrum,
569 1825 689 1877 araeque
710 1811 853 1872 Herculis,
872 1811 951 1862 cuius

135 1882 241 1932 numini
251 1881 348 1932 urbem
359 1880 531 1942 dicaverant,
545 1879 691 1930 inseruere
706 1879 855 1940 vinculum,
872 1881 952 1944 quasi

134 1949 186 2000 illo
199 1949 260 2000 lieo
276 1949 434 2016 Apollinem
448 1948 594 2000 retenturi.
631 1945 781 2013 Syracusis
794 1946 824 1997 id
839 1946 953 2005 simula·

137 2031 215 2068 crum
225 2017 395 2069 devexerant
407 2017 504 2080 Poeni,
526 2023 554 2068 et
568 2017 597 2068 in
612 2016 719 2067 maiore
729 2014 894 2066 locaverant
905 2029 951 2080 pa-

139 2083 206 2149 trin
220 2085 369 2153 multisque
380 2085 443 2138 aliis
454 2085 554 2151 spoliis
564 2085 950 2149 urbiumasemetcaptarum‚

134 2167 194 2204 non
213 2150 410 2222 Carthaginem
430 2154 529 2220 magis,
550 2169 631 2220 quam
645 2154 751 2220 'l'yrum
772 2157 948 2202 ornaverant.

66 2229 70 2235 ·
136 2221 179 2272 te.
199 2220 313 2274 Sacrum
325 2236 446 2288 quoque,
461 2221 537 2288 qnod
548 2222 677 2288 equidem
692 2221 755 2272 Diis
765 2218 878 2270 minime
889 2233 949 2270 cor-

137 2288 168 2340 di
177 2304 241 2343 esse
251 2289 427 2351 crediderim,
438 2289 533 2340 multis
544 2289 649 2340 seculis
659 2288 860 2350 intermissum,
870 2302 948 2354 repe-

136 2357 214 2408 tendi
235 2364 365 2409 auctores
383 2357 494 2425 quidam
509 2363 597 2418 erant,
615 2362 645 2407 ut
658 2357 796 2423 ingenuus
816 2370 886 2422 puer
900 2355 948 2408 Sa-

138 2430 220 2476 turno
233 2425 439 2488 inrnrolaretur3
459 2425 534 2493 quod
554 2424 734 2490 sacrilegium
753 2423 846 2476 verius
866 2439 949 2492 quarn

138 2506 256 2556 sacrum,
264 2491 512 2561 Carthaginienses
522 2507 539 2543 a
550 2491 744 2544 conditoribus
753 2492 896 2554 traditum,
902 2508 947 2542 us-

135 2575 192 2629 que
201 2561 235 2613 ad
251 2561 390 2614 excidium
401 2560 478 2612 urbis
489 2559 557 2612 suae
568 2559 672 2611 iecisse
683 2560 820 2611 dicuntur.
856 2560 895 2608 Ac
907 2560 948 2611 ni-

127 2627 161 2680 si
170 2630 299 2681 teniores
308 2628 494 2692 obstitissent,
510 2642 628 2695 quorum
639 2627 759 2679 consilio
771 2631 874 2678 cuncta
882 2640 948 2692 age·

132 2695 247 2760 bantur,
266 2694 465 2748 humanitatem
483 2696 545 2747 dira
561 2693 722 2760 superstitio
743 2695 869 2745 vicisset.
905 2693 948 2743 ll.

134 2765 268 2818 ceteram
286 2762 427 2816 efficacior
446 2763 522 2815 omui
540 2767 601 2814 erte
613 2760 760 2877 immiqpqs
780 2756 948 2818 necessitas,
