2054 3030
118 149 168 200 lta
339 143 510 205 QUINTI
540 144 708 196 CURTll

116 251 191 300 vires
211 248 370 314 bellumque
390 247 508 313 impigre
527 246 715 296 renovandum
730 245 854 296 intendit
871 249 935 297 ani-

115 331 198 366 nrum.
235 317 259 365 2.
278 313 371 365 Duces
383 329 451 381 ergo
467 314 608 380 copiarum
623 311 808 379 Babylonium
825 328 934 366 conve·
1020 349 1021 354 =

115 385 188 445 nire3
215 381 332 432 Bessum
357 396 479 448 quoque,
514 381 725 431 Bactrianorum
754 387 931 446 praetorem,
1020 381 1021 384 ’

116 465 198 516 quam
208 449 327 501 maximo
338 456 435 516 posset
445 449 570 498 exercitu
583 453 691 509 coacto,
705 447 880 498 descendere
893 450 932 499 ad
1020 473 1021 514 q

116 532 146 568 se
156 515 243 567 iubet.
279 518 303 567 3.
325 515 395 568 Sunt
409 523 501 566 autem
511 515 654 566 Bactriani
664 516 739 564 inter
748 514 813 564 illas
845 523 930 568 entes

116 585 325 651 promptissimi,
337 583 458 633 horridis
468 584 598 650 ingeniis,
612 581 783 648 multumque
797 597 814 631 a
824 531 930 635 {ersa-

115 667 175 702 rum
186 653 254 702 luxu
265 650 488 712 abhorrentibus,
503 651 550 700 siti
562 648 634 700 haud
646 649 746 716 procul
756 648 929 717 Scytharum
1020 661 1021 704 l

115 719 332 770 bellicosissima
343 724 425 785 gente
439 725 467 768 et
477 725 557 783 rapto
565 718 658 767 vivere
668 723 789 779 assueta,
801 732 929 784 semper-

115 803 168 854 que
178 788 207 837 in
220 788 303 837 armis
314 792 414 836 errant.
452 787 475 835 l.
497 786 552 836 Sed
568 785 682 846 Bessus,
698 790 830 850 suspecta
842 788 930 851 perii·

116 855 169 916 dia,
188 853 262 905 haud
274 869 341 905 sane
353 868 442 920 aequo
454 855 546 904 animo
558 851 721 904 insecundo
733 867 765 902 se
775 855 929 906 continens

115 923 213 988 gradu,
234 937 328 989 regem
347 920 480 972 terrebat.
521 919 591 970 Nam
612 935 696 985 quum
715 934 837 986 regnum
858 921 930 972 affe-

114 997 212 1050 ctaret,
224 989 360 1055 proditio,
376 1003 430 1054 qua
440 987 501 1037 sola
510 987 539 1038 id
550 987 662 1054 assequi
672 993 790 1054 poterat,
806 989 929 1040 timeba-

113 1066 167 1111 tur.
204 1057 229 1105 5.
249 1056 378 1107 Ceterum
389 1055 558 1118 Alexander,
573 1071 655 1124 quam
663 1056 810 1122 regionem
820 1055 928 1108 Darius

114 1126 241 1190 petisset,
259 1123 333 1173 omni
347 1137 414 1173 eura
427 1125 578 1190 vestigans,
594 1130 688 1174 tamen
703 1123 853 1190 explorare
868 1139 928 1176 non

114 1197 239 1257 poterat3
252 1205 328 1240 neore
339 1189 621 1256 quodamPer·sarunr,
633 1205 735 1242 areana
746 1205 843 1258 regum
854 1193 928 1242 mira

115 1256 264 1308 celantium
277 1257 340 1307 lide.
364 1257 388 1307 d.
400 1257 463 1309 Non
473 1265 571 1320 metus,
583 1274 639 1309 non
650 1273 714 1324 spes
725 1260 804 1310 elicit
815 1275 925 1324 vocem,

115 1325 333 1391 quaprodantur
348 1324 466 1376 occulta.
504 1325 591 1377 Vetus
602 1326 672 1377 disci
693 1324 750 1377 lina
764 1342 871 1394 regum,
887 1329 927 1378 si·

114 1393 231 1442 lentium
254 1393 326 1443 vitae
351 1392 476 1460 periculo
500 1400 639 1446 sanxerat.
675 1341 787 1462 daingua
810 1397 926 1461 gravius

115 1459 282 1526 castigatur,
298 1475 380 1527 quam
396 1460 482 1512 ullum
495 1462 639 1528 probrum:
659 1476 711 1512 nec
726 1478 854 1530 nragnam
866 1477 928 1514 rem

115 1527 248 1578 sustineri
262 1543 346 1594 posse
361 1529 478 1580 credunt
490 1531 524 1580 ab
541 1546 584 1592 eo,
606 1530 649 1580 cui
663 1535 759 1581 tacere
774 1545 860 1597 grave
879 1533 926 1593 sit,

115 1594 190 1661 quod
200 1593 305 1646 homini
315 1595 477 1648 facillimum
487 1597 609 1648 voluerit
619 1611 682 1649 esse
693 1605 800 1650 natura.
837 1599 864 1648 ἴ.
882 1599 927 1650 Ob

114 1661 186 1713 lianc
198 1678 310 1715 causam
319 1664 476 1716 Alexander
488 1669 621 1726 omnium,
640 1679 711 1732 quae
726 1665 798 1732 apud
812 1663 928 1718 hostem

114 1737 286 1798 gererentur,
298 1734 422 1799 ignarus,
433 1733 528 1784 urbem
540 1732 644 1784 Gazam
655 1732 811 1784 obsidebat.
839 1733 928 1785 Prae-

115 1806 176 1850 erat
186 1799 212 1850 ei
221 1799 314 1861 Betis,
333 1801 450 1853 eximiae
461 1802 490 1852 in
500 1816 685 1868 regemsuum
697 1801 775 1862 lidei3
798 1802 928 1853 modico·

114 1882 168 1932 que
187 1861 329 1933 prdesidio
349 1883 443 1919 muros
464 1869 586 1935 ingentis
606 1868 700 1934 operis
720 1867 860 1919 tuebatur.
899 1869 925 1919 8.

114 1934 284 1996 Alexander,
306 1936 453 1986 aestimato
474 1936 601 1986 locorum
622 1936 690 1999 situ,
712 1937 758 2003 agi
777 1936 926 1988 ounieulos

113 2003 205 2065 iussit,
220 2001 297 2054 sacili
310 2017 342 2051 ao
352 2002 407 2053 levi
417 2001 500 2053 humo
512 2008 674 2070 acceptante
686 2003 825 2055 occultum
838 2019 927 2072 opus3

115 2071 216 2138 quippe
226 2069 340 2120 irrultam
352 2085 463 2122 arenam
475 2073 595 2122 vicinum
604 2086 680 2122 nrure
692 2073 804 2132 evomit,
816 2087 869 2123 nec
882 2088 927 2124 sa-

113 2153 149 2187 na
159 2144 302 2206 cotesque,
315 2152 385 2204 quae
397 2138 576 2206 interpellent
587 2153 696 2205 specus,
710 2139 868 2191 obstabant.
900 2139 926 2190 9.

113 2205 203 2272 lgitur
217 2205 251 2256 ab
270 2220 303 2256 ea
319 2212 409 2273 parte,
432 2222 513 2274 quam
530 2207 661 2276 oppidani
681 2207 845 2276 conspicere
868 2223 928 2258 non

115 2279 239 2336 possent,
252 2289 320 2341 opus
333 2289 422 2336 orsus,
434 2281 464 2326 ut
474 2291 490 2326 a
500 2290 584 2327 sensu
594 2276 654 2327 eius
667 2281 816 2337 averteret,
829 2283 927 2326 turres

115 2340 201 2389 intruis
212 2340 353 2393 admoveri
364 2342 449 2393 iubet.
487 2343 542 2395 Sed
554 2345 651 2395 eadem
662 2342 760 2394 humus
775 2343 928 2393 admoven-
952 2359 960 2378 ·

115 2405 158 2455 dis
170 2406 277 2458 inutilis
290 2409 422 2472 turribus,
434 2410 579 2462 desidente
596 2409 694 2462 sabulo
710 2410 866 2478 agilitatem
880 2425 928 2461 ro·

115 2481 205 2524 tarum
218 2476 390 2537 morabatur,
406 2483 435 2528 et
448 2478 574 2528 tabulata
586 2480 703 2530 turrium
717 2475 928 2545 perfringebat5

114 2541 249 2606 multique
260 2541 475 2596 vulnerabantur
484 2548 603 2612 impune,
610 2562 692 2612 quum
702 2545 776 2596 idern
787 2545 928 2611 recipien-

117 2610 169 2671 dis,
181 2609 228 2675 qui
239 2609 418 2662 admovendis
427 2611 550 2662 turribus
560 2611 642 2662 labor
653 2629 703 2664 eos
714 2613 857 2678 fatigaret.
883 2615 926 2662 1⁰.

117 2677 191 2744 Ergo
206 2677 331 2742 receptui
342 2679 423 2745 signo
436 2679 515 2744 dato,
531 2685 644 2746 postero
656 2680 702 2730 die
713 2694 806 2730 muros
818 2694 931 2729 corona
