2054 3030
335 205 484 256 LIBER
512 206 557 258 lv.
589 207 687 259 cAP.
716 208 741 258 8.
892 207 939 259 lfil

133 299 251 360 trahens
262 308 426 358 eunomine
447 309 579 358 auctoris.
616 309 784 376 Complexus
805 309 941 377 quidquid
1007 341 1008 346 =

135 375 193 427 loei
204 381 247 426 est
256 375 329 425 inter
338 375 465 442 paludem
478 382 506 426 et
515 389 601 438 mare,
624 378 769 441 octoginta
786 379 941 428 studiorum

120 443 222 493 2muris
237 443 368 493 ambitum
388 443 523 506 destinat3
543 450 580 504 et,
601 443 648 510 qui
668 445 857 496 aedificandae
876 446 939 496 urbi

133 517 310 626 praeessent,
328 511 451 572 relictis,
471 509 623 578 Memphim
644 511 722 577 petit.
768 513 792 564 3.
821 513 940 580 Cupido,

154 579 209 628 aud
218 577 321 629 iniusta
331 578 451 645 quidem,
464 587 586 630 ceterum
597 579 802 644 intempestiva,
818 581 940 631 incesse·

131 650 186 708 rat,
206 661 261 697 non
272 646 411 696 interiora
420 647 504 696 modo
516 645 649 714 Aegypti,
671 644 722 696 sed
734 647 817 696 etiem
827 647 940 697 Aethio-

130 713 207 780 piam
227 714 358 764 inrisere.
394 713 553 764 Memnonis
564 712 736 782 Tithonique
747 713 888 764 celebrata
897 729 939 764 re·
1007 711 1008 716 ’

131 782 181 847 gia
191 781 406 848 eognoscendae
420 781 568 830 vetustatis
582 781 692 830 avidum
702 777 841 842 trahebat,
852 795 939 846 poene

129 855 213 899 extra
224 849 362 899 terminos
373 846 453 898 solis.
488 847 514 896 4.
535 846 590 900 Sed
601 846 747 898 imminens
761 847 878 910 bellum,
895 863 940 898 cu·

128 916 175 966 ius
186 915 275 966 multo
286 915 377 965 maior
387 919 533 981 supererat
541 914 640 976 moles,
661 917 770 966 otiosae
782 915 940 982 peregrina·

128 983 206 1033 tioni
224 989 354 1046 tempora
372 989 522 1033 exemerat.
557 981 654 1049 ltaque
665 985 794 1050 Aegypto
806 981 943 1049 praefecit

128 1047 307 1114 Aeschylum
318 1047 465 1111 Rhodium,
476 1057 505 1101 et
514 1049 942 1117 PeucestenMaoedonem,qua·

129 1123 200 1168 tuor
209 1115 333 1166 millibus
343 1117 461 1168 militum
471 1119 498 1168 in
510 1119 677 1184 praesidium
688 1119 813 1186 regionis
826 1119 887 1169 eius
896 1118 943 1168 do-

129 1183 326 1236 tis=·claustra
335 1183 393 1235 Nili
413 1184 535 1236 fluminis
555 1185 737 1237 Polemonem
756 1187 830 1236 tueri
849 1185 942 1248 iubet3

127 1251 254 1318 triginta
263 1251 298 1300 ad
309 1249 362 1302 hoe
381 1253 509 1304 triremes
529 1253 619 1305 datae.
656 1253 681 1306 5.
699 1253 810 1305 Africae
831 1254 943 1316 deinde,

125 1334 188 1386 qua
198 1317 331 1387 Aegypto
342 1321 437 1373 iuncta
450 1328 502 1382 est,
512 1323 690 1388 praepositus
699 1321 877 1388 Apollonius:
896 1335 943 1372 ve·

129 1386 285 1454 ctigalibus
306 1388 430 1438 eiusdem
441 1387 553 1440 Africae
563 1391 749 1458 Aegyptique,
765 1390 942 1442 Cleomenes.

126 1454 173 1506 Ex
184 1455 311 1506 finitimis
322 1455 437 1506 urbibus
451 1457 635 1524 commigrare
641 1459 836 1509 Alexandriam
846 1457 941 1517 iussis,

128 1537 235 1574 novam
247 1521 641 1590 urbemmagnamultitudine
651 1525 786 1592 implevit.
814 1525 838 1577 fi.
857 1524 944 1575 Fama

127 1597 184 1654 est,
202 1605 287 1656 quum
297 1603 348 1640 rex
357 1591 434 1641 urbis
444 1589 556 1642 futurae
566 1607 661 1643 muros
671 1593 794 1657 polenta,
809 1591 944 1643 utlldaoe-

126 1659 239 1710 donum
250 1671 312 1708 mos
324 1663 376 1718 est,
386 1657 566 1720 destinasset,
581 1660 672 1708 avium
701 1674 783 1726 reges
794 1659 943 1710 advolasse

124 1733 158 1778 et
190 1725 293 1777 olente
303 1737 365 1777 esse
378 1730 484 1791 pastas:
505 1741 643 1791 quumque
663 1675 701 1776 id
710 1741 790 1776 omen
805 1740 856 1790 pro
867 1725 944 1774 tristi

123 1743 306 1862 apderisque
321 1798 398 1842 esset
408 1799 562 1859 acceptum,
582 1793 762 1856 respondisse
781 1801 869 1851 vates,
888 1806 944 1841 ma-

124 1877 220 1929 gnam
229 1859 307 1911 illam
317 1859 414 1910 urbem
426 1860 594 1910 advenarum
605 1858 790 1926 frequentiam
799 1859 944 1920 culturam,

125 1929 288 1995 multisque
300 1941 361 1978 eam
371 1930 455 1979 terris
466 1927 599 1978 alimenta
614 1927 812 1993 praebituram.
848 1927 873 1976 7.
892 1926 945 1977 lle-

123 2011 207 2066 gem,
221 2011 304 2064 quum
315 1995 438 2046 secundo
451 2010 531 2046 arone
543 1993 689 2054 deflueret,
705 1994 816 2062 assequi
829 1993 944 2060 cupiens

126 2065 255 2126 Hector,
275 2062 469 2115 Parmenionis
480 2063 563 2124 filius,
586 2065 689 2116 eximio
701 2063 802 2116 aetatis
817 2059 896 2123 flore,
916 2062 944 2110 in

125 2132 232 2200 paucis
243 2130 400 2184 Alexandro
412 2147 503 2194 eorus,
522 2147 636 2198 parvum
656 2131 797 2199 navigium
813 2143 945 2180 conscen-

123 2201 182 2264 dit,
195 2197 333 2268 pluribus,
344 2213 425 2266 quam
436 2213 536 2266 capere
547 2206 652 2267 posset,
663 2199 813 2266 impositis.
850 2197 874 2247 8.
893 2196 945 2248 lta-

127 2283 187 2335 que
197 2281 295 2318 mersa
304 2269 382 2317 navis
394 2272 490 2318 o'mnes
502 2266 642 2318 destituit:
661 2267 779 2329 Hector,
798 2265 846 2316 diu
857 2261 945 2316 ssumi·

126 2336 161 2386 ni
172 2333 347 2395 obluctatus,
360 2349 442 2401 quum
452 2335 567 2387 madens
578 2335 666 2386 vestis
682 2340 710 2384 et
720 2319 847 2384 adstricti
857 2334 946 2400 erepi-

127 2401 178 2454 dis
190 2401 279 2469 pedes
290 2407 386 2452 natare
397 2401 588 2469 prohiberent,
607 2403 636 2453 in
645 2402 734 2468 ripam
743 2407 836 2452 tamen
847 2405 945 2454 semia-

126 2469 221 2522 nimis
233 2469 336 2533 evasit3
355 2476 384 2521 et
395 2476 426 2520 ut
435 2471 552 2537 primum
569 2468 705 2537 fatigatus
726 2468 851 2536 spiritum
869 2469 946 2519 laxa·
1007 2469 1008 2472 ’

126 2537 276 2602 vit‚quem
285 2543 375 2588 metus
387 2542 416 2588 et
425 2538 578 2618 periculum
588 2536 774 2599 intenderant,
782 2537 858 2589 nullo
869 2535 945 2586 adiu·
1007 2565 1008 2568 =

125 2609 221 2658 vante
232 2604 347 2672 (quippe
367 2605 397 2656 in
408 2605 547 2656 drversum
568 2611 713 2656 evaserant
733 2606 793 2672 alii)
806 2603 944 2656 exanima·

125 2681 179 2726 tus
193 2677 250 2724 est.
285 2671 310 2722 9.
329 2671 389 2724 Rex
400 2674 495 2724 amissi
516 2674 576 2725 eius
600 2673 741 2725 desiderio
764 2669 945 2723 vehementer

126 2736 261 2858 affligam
274 2745 330 2790 est:
347 2747 545 2809 repertumque
557 2757 658 2810 eorpus
676 2741 826 2858 muLgnilloo
845 2735 946 2788 antidit

218 2819 356 2860 usurus·
762 2819 764 2824 ⁴

962 2885 1008 3003 A
