2036 3030
164 200 480 254 SUPPLEMENTA.
499 203 576 253 LlB.
596 203 629 254 ll.
650 203 736 255 CAP.
758 206 815 254 l.2.
859 203 891 254 59

81 305 178 370 lisque
197 310 343 356 ventorum
363 303 474 355 flatibus
494 305 653 367 disiectum,
675 306 743 356 solis
765 303 892 364 orientis,

82 370 179 421 adhuc
198 370 361 436 imperfecta
373 373 494 439 imagine
509 373 567 423 late
581 387 688 438 sparsa,
705 372 792 424 fallax
803 372 893 423 oculis

37 473 40 478 -
83 438 253 490 miraculum
269 453 415 505 apparere;
436 440 526 491 donec
541 455 575 490 eo
590 440 734 504 paullatim
747 442 775 490 vi
790 439 893 492 caloris

84 507 218 556 absumta
229 506 435 573 dissipatoque,
449 507 523 557 liber
537 507 573 557 ad
582 507 673 572 ipsum
685 507 786 558 sideris
797 507 894 557 orbem

84 574 138 624 ads
160 580 238 624 ectus
249 575 434 640 permittatur.
471 575 512 624 li.
531 573 601 624 Nam
615 588 716 624 ser'eno
731 574 894 642 liquidoque

83 589 171 692 coeio
182 641 255 690 radii
265 644 501 692 transmittuntur:
513 642 562 692 ubi
573 648 688 692 coactus
699 643 747 691 aiii·
757 647 809 702 est,
820 642 896 692 sistit

86 714 269 773 exceptos,et
279 715 411 776 tauquam
421 712 450 760 in
460 709 603 774 speculum
614 708 771 759 incidentes
783 724 843 759 cum
853 709 894 758 in·

84 781 232 826 cremento
244 775 401 842 splendoris
412 775 552 827 diffundit.
589 774 630 825 18.
650 774 707 827 Sub
720 774 785 824 ldae
795 774 895 825 radici·

83 844 140 893 bus
152 842 310 908 Cyzicenus
321 858 389 909 ager
401 845 430 892 in
441 841 642 908 Propontidem
652 842 788 905 excurrit3
805 843 895 908 ipsum

85 910 258 976 oppidumin
265 910 402 960 mediocri
411 909 505 960 insula
515 910 598 960 situm
609 911 722 977 gemino
733 914 819 977 ponte
830 923 894 959 con·

81 977 190 1028 tinenti
205 977 385 1027 annectitur.v
408 976 461 1027 Sed
471 977 500 1028 id
517 991 586 1044 opus
595 978 690 1043 paullo
704 983 769 1044 post
778 976 895 1026 Alexan-

83 1046 140 1095 der
149 1043 266 1093 molitus
278 1043 550 1095 estzsubltlemnonis
561 1045 767 1111 expeditionem
779 1043 895 1094 navibus

79 1109 308 1163 commeabatur.
344 1110 384 1161 lli.
404 1112 458 1173 Qui
472 1127 555 1178 quum
571 1113 727 1179 cyzicenos
741 1111 895 1177 improviso

80 1182 197 1244 impetu
208 1178 391 1246 nequidquam
401 1182 562 1242 terruisset,
573 1195 668 1231 muros
679 1180 808 1247 guaviter
816 1186 883 1229 tuen
894 1208 895 1211 =

81 1246 166 1298 tibus
180 1245 337 1310 oppidanis;
356 1261 451 1298 eorum
464 1249 610 1314 regionem
622 1246 765 1299 hostiliter
779 1246 892 1314 popula·

82 1323 148 1376 tus,
162 1327 291 1378 maguam
303 1314 367 1364 inde
382 1316 515 1381 praedam
528 1315 630 1382 coegit.
667 1317 708 1366 20.
728 1315 818 1366 Nece
834 1313 894 1364 Ma-

84 1379 228 1432 cedonum
251 1380 366 1432 ducibus
391 1382 565 1433 cessabatur:
591 1382 738 1434 Parmenio
758 1381 895 1448 Grynium

83 1448 351 1514 Aeolidisoppidum
363 1451 627 1517 expugnat,iucolas
638 1451 766 1501 servituti
777 1449 894 1499 addicit:

82 1515 192 1568 deiude
207 1515 318 1566 Caicum
333 1531 440 1567 amnem
450 1523 659 1585 transgressus,
674 1517 792 1568 Pitanen
803 1516 894 1568 adori-

85 1594 149 1643 tur,
164 1582 261 1633 urbem
275 1583 446 1650 opulentam,
464 1593 493 1635 et
505 1583 608 1651 duplici
625 1591 707 1652 portu
723 1584 895 1651 accipiendis

85 1651 124 1701 ab
136 1650 248 1716 Europa
258 1652 347 1716 copiis
359 1665 555 1718 opportunam
574 1652 623 1703 sed
638 1667 758 1719 propero
775 1653 894 1702 adventu

84 1719 247 1769 Memnonis
273 1719 367 1767 statim
390 1719 484 1768 soluta
507 1719 618 1769 obsidio
643 1726 694 1770 est.
740 1722 781 1768 21.
798 1718 894 1785 ¹Calas

85 1784 203 1846 deinde,
221 1784 344 1850 quicum
357 1787 478 1836 modicis
494 1785 680 1836 Macedonum
695 1792 776 1850 atque
790 1799 896 1834 meroe·

85 1853 232 1904 uariorum
246 1851 336 1918 copiis
351 1853 379 1902 iu
396 1851 508 1903 Troade
522 1867 567 1901 res
580 1851 707 1918 gerebat,
724 1867 786 1901 curu
800 1851 895 1901 Persis

84 1919 199 1988 proelio
223 1921 352 1971 certavit:
375 1927 403 1970 et
429 1921 518 1986 impar
537 1917 658 1970 hostiurn
677 1918 848 1969 multitudini
866 1919 896 1968 iu

85 1985 247 2040 Rhoeteum
257 2002 287 2038 se
297 1989 412 2054 recepit.

140 2053 175 2104 ll.
193 2053 304 2105 Interea
318 2055 487 2116 Alexander,
503 2054 664 2106 constitutis
678 2056 706 2105 iu
722 2053 843 2105 Graecia
852 2067 895 2103 re·

84 2122 150 2184 bus,
162 2123 192 2172 in
201 2122 394 2174 Macedoniam
405 2138 546 2186 reversus,
559 2137 630 2189 quae
642 2129 746 2173 tantam
757 2120 826 2171 belli
837 2135 894 2171 mo·

84 2190 144 2240 lem
162 2203 330 2256 aggressura
352 2191 474 2241 cavenda
489 2191 534 2240 vel
553 2189 772 2241 administranda
791 2194 894 2252 essent,

86 2273 151 2308 cum
162 2258 260 2308 amicis
271 2257 453 2308 deliberabat.
489 2260 514 2308 2.
533 2259 679 2323 Antipater
694 2271 726 2306 ac
736 2256 893 2320 Parmenio,

88 2330 183 2376 aetate
201 2330 232 2374 et
247 2325 382 2392 dignitate
397 2326 556 2392 praecipui,
574 2323 797 2387 obtestabantur,
817 2339 851 2376 ne
864 2326 894 2375 iu

87 2407 145 2443 uno
158 2406 276 2458 corpore
290 2393 378 2444 totius
391 2394 502 2460 imperii
512 2393 630 2444 salutem
644 2391 774 2442 fortunae
783 2393 894 2445 insidiis

88 2464 258 2526 exponeret:
273 2460 338 2526 quin
353 2462 430 2526 prius
446 2467 559 2528 operam
570 2459 769 2522 daretliberis3
781 2461 895 2512 etinco·

86 2526 218 2578 lumitate
227 2529 335 2592 patriae
350 2529 472 2592 firmata,
489 2529 531 2579 ita
549 2527 658 2578 demum
672 2526 706 2578 de
721 2527 893 2578 incremento

86 2596 152 2645 eius
164 2596 311 2674 cogitaret
339 2597 364 2646 3.
377 2595 486 2662 Quippe
496 2600 609 2663 praeter
617 2593 801 2646 Alexandrum
812 2607 894 2643 nemo

69 2665 75 2672 '
87 2677 124 2713 ex
135 2658 259 2729 Phihppi
269 2665 404 2730 sanguine
416 2663 516 2730 dignus
526 2664 644 2730 imperio
652 2668 805 2730 supererat,
813 2660 894 2711 Cleo·

65 2762 67 2780 t
87 2736 185 2798 patrae
198 2729 297 2780 sobole
307 2745 358 2799 per
368 2729 563 2806 Olympiadem
576 2731 744 2796 intercepta:
759 2727 894 2779 Aridaeus
