2054 3030
62 119 63 122 ’
124 151 156 199 aa
253 110 257 116 ¹
305 143 739 198 10ANN.FRu1Nsfluml1

125 250 228 316 gisset,
242 246 338 297 multis
353 245 392 296 ibi
408 262 521 297 suorum
535 247 642 298 relictis
655 244 825 312 praesidium
839 246 945 296 firma·

125 320 212 365 verat.
253 315 290 364 12.
310 312 398 379 lgitur
410 313 514 364 infesto
531 315 640 380 agmine
652 329 833 380 suggressus,
855 319 942 366 exte-

26 406 31 418 *
124 384 228 431 riorem
238 380 343 442 urbem,
354 386 385 430 ut
393 383 447 446 ipsi
455 381 645 442 vocabant,cx
656 380 757 430 itinere
768 381 854 446 cepit:
866 395 941 432 narn

125 447 257 515 oppidani
266 447 440 513 militesque,
456 463 490 498 ne
502 449 575 498 vires
585 453 758 514 spargerent,
773 449 803 496 in
813 449 941 499 interio-

124 529 185 566 rem
203 515 299 565 urbem
318 519 529 576 concesserant,
550 513 683 564 auxilium
703 529 830 577 suorum,
854 518 941 581 quod
1014 557 1015 560 ,

124 581 199 632 haud
209 581 307 648 placui
317 582 415 632 abesse
426 580 566 644 rebantur,
579 582 740 646 opperituri.
770 581 810 631 13.
827 579 940 634 Verum

124 664 222 699 ranam
233 649 471 716 exspectationem
481 647 550 698 iecit
559 648 760 700 Macedonicae
771 648 872 699 classis
880 651 939 701 ,ad-

123 723 232 780 rentus,
252 732 322 786 quae
342 714 482 767 Nicanore
503 715 573 766 duce
592 714 690 766 Laden
708 716 827 766 insulam
846 731 941 782 supra

122 784 252 836 Miletum
262 787 345 836 sitam
355 785 512 850 occupavit:
532 782 633 852 deinde
648 799 730 850 quum
740 784 796 833 iam
806 782 939 836 hostium

124 853 223 904 classis
234 853 269 904 ed
278 851 410 919 Mycalen
420 857 543 902 montem
553 849 692 913 haereret,
703 851 793 916 ipsum
803 851 939 902 Milesio-

123 933 183 970 rum
198 927 310 988 portum
321 920 450 984 ingressa
460 918 570 969 Persici
585 918 682 969 auxilii
693 933 770 983 spem
781 918 939 983 oppidanis

123 988 236 1039 ademit.
273 987 313 1036 14.
332 984 429 1052 Neque
439 984 754 1051 prohibebantburbari,
766 1000 940 1053 quamquam

123 1069 238 1106 numero
259 1053 369 1104 narium
389 1053 474 1170 longe
493 1059 679 1118 praestarent:
709 1054 811 1120 quippe
834 1053 936 1119 paullo
1014 1075 1015 1100 ³

123 1123 214 1174 nrinus
225 1120 434 1188 quadringentis
463 1119 591 1182 abebant,
602 1118 813 1186 quumNicanor
823 1126 939 1172 tantum

124 1189 272 1256 sexaginta
292 1202 377 1253 supra
399 1193 509 1238 eentum
532 1188 703 1238 adduxisset.
753 1187 794 1238 15.
819 1187 938 1240 lnterea
1014 1193 1015 1198 ’

125 1255 307 1320 Glaucippus,
321 1254 450 1321 prinecps
466 1255 601 1317 civitatis,
618 1255 653 1304 ad
665 1255 853 1308 Alexandrum
867 1257 939 1307 mis·
1014 1293 1015 1296 ,

125 1339 185 1384 sus,
195 1322 298 1389 petito,
311 1327 343 1373 ut
351 1322 448 1372 urbem
458 1329 487 1374 et
496 1328 593 1389 portus
607 1322 809 1373 Macedonibus
824 1321 938 1375 Persis·
1014 1329 1015 1336 ’

125 1403 178 1456 que
189 1404 348 1440 communes
365 1404 427 1440 esse
443 1396 599 1455 pateretur,
614 1391 695 1442 triste
708 1405 874 1456 responsum
889 1407 939 1442 re-

123 1456 237 1519 tulerat,
249 1455 331 1519 „Non
341 1471 371 1506 se
382 1458 492 1508 venisse
504 1459 533 1507 in
542 1459 644 1521 Asiam,
654 1466 686 1509 ut
696 1459 845 1524 acciperet,
857 1462 940 1527 quod

125 1524 175 1573 alii
187 1525 386 1587 concederent3
406 1525 456 1574 sed
467 1525 624 1593 utquisque
639 1524 767 1589 haberet,
783 1527 859 1591 quod
870 1528 939 1593 ipse

123 1590 297 1658 reliquisset:
308 1591 403 1658 itaque
414 1592 530 1656 scirent,
543 1593 665 1644 omnium
674 1593 849 1645 fortunarum
860 1596 939 1646 arbi·
1014 1629 1015 1656 3

123 1659 208 1710 trium
219 1659 331 1710 meliori
339 1659 564 1726 permittendum,
579 1667 627 1712 aut
636 1661 665 1711 in
675 1661 830 1727 proximam
840 1661 939 1714 lucem
1014 1669 1015 1706 l

125 1729 159 1779 de
171 1743 204 1778 eo
216 1726 480 1797 certandumesse.“
503 1727 542 1779 16.
554 1727 610 1780 Sed
621 1728 668 1846 qui
677 1730 706 1778 in
717 1729 830 1778 civitate
842 1737 940 1794 erant,

123 1797 242 1863 primum
260 1795 449 1848 invadentium
468 1796 601 1862 impetum
639 1795 739 1846 ortitcr
757 1797 938 1862 retuderunt,

125 1865 212 1916 caesis
227 1865 301 1916 inter
316 1864 388 1916 alios
407 1863 515 1915 duobus
523 1864 688 1914 Hellanicae
700 1863 780 1924 liliis,
799 1879 872 1930 quae
884 1876 946 1917 nu:

122 1935 179 1984 trix
196 1931 347 1984 Alexandri
364 1930 465 1996 iuerat,
486 1936 515 1981 et
534 1931 648 1991 Clitum,
669 1931 717 1996 qui
731 1945 799 1998 rege
817 1940 936 1984 servato

125 1999 255 2050 eximium
275 1998 360 2048 decus
375 1997 492 2059 meruit,
511 1994 626 2048 fratrem
646 1995 775 2049 babebat.
812 1999 852 2048 l'l.
876 1999 937 2052 Sed

125 2083 208 2132 quum
219 2065 317 2118 dolore
327 2065 425 2131 iraque
433 2065 543 2115 incensi
556 2063 653 2115 hostes
662 2064 799 2116 machinis
810 2065 937 2118 admotis

124 2149 252 2202 magnam
263 2147 403 2185 murorum
413 2136 521 2198 partem
532 2131 710 2195 deiecissent,
720 2133 832 2199 iamque
842 2133 871 2183 in
883 2148 937 2202 op-

123 2202 218 2266 pidum
231 2201 365 2268 irrupturi
382 2199 555 2262 riderentur,
575 2201 790 2266 conspectisque
804 2200 833 2250 in
848 2208 938 2266 portu

122 2267 308 2320 Macedonum
318 2267 489 2330 triremibus,
498 2282 586 2319 novus
596 2274 687 2320 terror
696 2268 854 2335 ingrueret;
865 2283 938 2333 pars

125 2335 211 2386 scutis
221 2337 385 2388 incubantes
397 2336 426 2385 in
435 2349 548 2402 parvam
558 2335 676 2388 insulam
685 2336 749 2386 urbi
754 2337 938 2388 obiacentem

124 2406 314 2466 enataverunt,
327 2403 378 2454 alii
390 2401 501 2469 scaphis
510 2404 682 2466 conscensis,
695 2418 777 2471 quum
787 2402 862 2454 idem
872 2419 936 2453 mo·

121 2469 255 2532 lirentur,
274 2471 302 2520 in
313 2471 375 2537 ipsc
386 2476 483 2536 portus
494 2469 571 2522 aditu
581 2471 615 2521 ab
626 2469 748 2523 bostium
758 2471 879 2538 navigiis
888 2471 934 2520 in·

122 2535 323 2602 terceptisunt.
360 2537 399 2588 18.
416 2537 585 2598 Alexander,
601 2539 704 2604 oppido
714 2538 744 2589 in
757 2544 935 2604 potestatem

122 2604 247 2672 redacto,
266 2610 433 2666 contraeas,
445 2605 493 2671 qui
501 2605 622 2656 insulam
631 2606 774 2669 tenebant,
785 2621 871 2658 naves
882 2621 934 2658 ex·

121 2671 212 2739 pediri
222 2672 313 2734 iussit,
329 2672 429 2738 quibus
437 2673 587 2738 impositae
596 2673 688 2740 proris
699 2673 791 2726 scalae
801 2673 935 2724 fereban-
