2082 3042
324 138 473 192 LIBER
499 141 585 192 vlu.
622 144 716 196 cnP.
744 144 770 196 5.
903 149 948 200 821

142 239 225 308 plexo
237 241 267 291 in
281 239 481 293 callisthenem
496 243 669 308 dirigebatur
683 247 783 298 oratio.
821 246 952 300 Gravitas

142 308 241 380 viriet
254 315 366 374 promta
380 309 496 361 [ibertus
510 309 601 360 invisa
616 317 677 360 erat
689 315 761 379 regi,
777 315 856 381 quasi
871 317 950 368 solus

140 373 312 428 Macedonas
333 382 445 443 paratos
465 377 499 428 ad
518 376 576 427 tale
601 378 764 442 obsequium
782 390 948 434 moraretur.

143 441 184 491 14.
202 441 229 493 is
250 449 319 506 tum,
338 444 450 496 silentio
467 443 557 507 iacto,
580 460 663 494 unum
682 445 758 496 ilium
776 450 949 502 intuentibus

141 509 256 572 ceteris,
275 509 306 560 st
318 527 377 574 ren,
391 512 497 580 inquit,
511 510 628 563 terruoni
640 519 686 561 tuo
700 511 834 579 affuisset,
852 517 948 568 nullius

137 573 263 644 profecto
280 593 332 630 nox
345 577 500 646 responsuri
512 577 564 630 tibi
577 577 786 630 desideraretur.-
804 581 858 646 ipee
878 583 948 636 enim

136 649 254 710 peteret,
269 661 301 696 ne
315 643 511 764 inperegrinot
522 653 696 712 externosque
706 646 774 698 ritus
785 648 946 714 degenerare

139 725 294 778 eeeogeret,
316 729 368 764 neu
387 730 416 764 re
434 727 464 764 ur
476 711 633 780 felicissime
650 713 734 780 gestio
752 713 880 765 invidiam
899 719 948 770 lali

140 775 294 832 adulatione
308 779 490 831 contraheret.
528 781 568 830 15.
588 779 781 848 sedquoniam
797 781 880 844 abest,
896 801 946 852 ego

140 843 247 912 tilipro
257 846 303 897 illo
315 847 478 913 respondeo:
497 843 605 898 Nullam
620 863 673 897 esee
689 849 798 899 eundem
808 857 835 900 et
844 849 945 900 diutur-

138 927 202 962 num
212 922 239 964 et
247 929 406 980 praecocem
411 913 539 980 fructum
544 931 557 976 ,·
574 915 748 982 coelestesque
764 916 879 966 bonores
892 933 947 968 non
988 961 991 964 .

139 979 203 1030 dare
213 987 239 1030 te
249 980 317 1048 regi,
328 980 376 1031 ted
383 979 501 1049 auferre.
538 980 682 1033 interuallo
697 982 766 1033 enim
776 999 841 1050 opus
852 993 901 1046 eet,
917 993 948 1036 ut

139 1045 266 1106 credatur
280 1047 355 1109 deus,
375 1063 478 1114 temper
497 1064 528 1101 ue
542 1048 612 1100 leone
622 1049 745 1118 gratiam
761 1049 866 1118 magnis
882 1051 946 1102 airis

133 1111 241 1178 posteri
252 1114 373 1166 reddunt.
411 1115 449 1165 lli.
494 1133 532 1185 go
546 1125 636 1168 nutem
650 1133 738 1168 seram
756 1117 945 1170 immortalita-

139 1185 191 1230 tem
196 1196 296 1248 precor
305 1181 377 1262 regi,
388 1189 453 1234 utet
463 1182 519 1235 oita
530 1183 658 1236 diuturno
667 1185 715 1248 eit,
725 1194 760 1248 vet
768 1195 880 1237 aeterna
890 1203 945 1238 ma-

136 1245 226 1300 iestas.
255 1247 398 1302 Hominem
408 1250 579 1320 consequitur
588 1252 742 1320 aliquando,
754 1269 891 1323 nunquam
902 1259 944 1306 oo-

136 1313 259 1380 mitalur‚
270 1315 403 1370 divinitae.
440 1321 480 1369 l'l.
499 1317 642 1372 Herculem
651 1322 728 1372 modo
739 1330 767 1372 et
776 1321 887 1373 Patrem
895 1321 942 1372 Li-

137 1382 228 1436 berum
244 1395 415 1438 consecratae
428 1385 640 1440 immortalitatis
656 1391 776 1456 enernpln
795 1389 941 1459 referebat.

138 1449 263 1505 Credisne
272 1453 330 1504 illoc
339 1453 418 1505 unius
429 1453 545 1505 conuiuii
555 1456 659 1506 decreto
671 1457 849 1524 deoefootoel
862 1455 943 1508 Prius

136 1520 169 1572 ab
181 1519 262 1570 ooulie
273 1519 427 1571 mortalium
439 1520 550 1570 arnolita
565 1531 665 1573 notura
682 1531 731 1582 est,
754 1539 833 1588 quom
844 1523 872 1574 in
884 1540 942 1576 eoe-

135 1585 444 1664 lumfomaperoeberet.
483 1587 522 1637 18.
535 1587 642 1638 Scilicet
651 1603 700 1656 ego
712 1597 739 1638 et
748 1597 786 1651 tu,
799 1588 869 1651 Cleo,
881 1591 942 1641 deos

126 1653 267 1725 factumi?
284 1669 301 1703 a
321 1653 396 1704 nobie
416 1652 562 1703 diuinitatii
580 1669 644 1706 errae
663 1654 853 1708 auctoritatem
868 1667 940 1707 occe·

130 1731 230 1791 poturus
243 1727 284 1772 eet
295 1720 361 1774 real
379 1719 530 1771 Potentiam
550 1728 624 1770 tuom
642 1721 759 1788 enperiri
776 1723 848 1772 tibet,
883 1721 942 1774 Fac

134 1789 251 1858 aliquem
258 1803 357 1856 regern,
364 1785 388 1838 ei
398 1787 474 1838 deum
479 1785 665 1905 paterfacere.
683 1786 803 1838 Facilior
813 1797 851 1838 eet
861 1787 941 1856 impe-

134 1858 204 1909 rium
215 1857 289 1918 dure,
318 1855 498 1907 uamooelum.
536 1855 547 1904 l
569 1853 638 1905 .Dii
642 1854 757 1924 propitii
764 1853 821 1906 eine
831 1854 940 1920 invidio,

123 1933 203 1992 'quae
216 1923 278 1976 Cleo
289 1872 366 1988 iiiii,
378 1921 521 1986 audierint,
529 1922 671 1989 eodemque
683 1938 769 1986 eursu,
779 1922 942 1989 quosluxere

133 1993 222 2043 adduc
236 2007 289 2053 ret,
308 1990 350 2043 ire
359 1990 513 2060 potiantur.
551 1987 657 2042 Noutria
671 1989 788 2042 moribus
803 1990 885 2040 uelint
894 2006 940 2042 noe

134 2075 188 2111 eree
203 2066 349 2110 contentos.
385 2057 448 2111 Non
460 2058 545 2126 pudet
556 2057 675 2126 patriae,
696 2075 743 2112 nec
759 2058 887 2118 desidero,
906 2057 943 2108 od

152 2142 209 2178 uem
228 2126 335 2176 reddum
354 2142 402 2178 rex
421 2125 488 2178 milei
500 2127 622 2178 colendus
634 2126 682 2189 eit,
703 2142 720 2178 o
738 2125 815 2177 nictit
831 2123 940 2176 discere.

134 2147 208 2258 aaut
225 2192 346 2262 equidem
360 2187 541 2246 uictoree'eeee
558 2194 698 2264 confiteor,
713 2193 738 2244 ei
750 2194 782 2245 ab
797 2191 849 2243 illie
860 2194 938 2261 leget,

134 2267 192 2329 quis
206 2261 337 2326 uiuamus,
357 2260 508 2328 accipimur.
545 2265 586 2314 ²0.
606 2262 708 2329 Aequis
724 2261 837 2312 auribus
856 2259 939 2313 Calli-

134 2329 246 2382 sthenes
257 2328 344 2381 veluti
354 2329 456 2380 vindex
467 2329 596 2396 publicae
610 2330 749 2380 libertatis
764 2329 937 2380 audiebatur.

135 2398 319 2464 Expresserat
333 2411 388 2448 non
406 2399 596 2448 assensionem
611 2395 708 2460 modo,
728 2396 778 2449 sed
793 2393 939 2448 etianTvo·

135 2479 206 2528 cem,
218 2466 357 2516 seniorum
371 2466 531 2532 praecipue,
544 2465 644 2534 quibus
655 2465 748 2532 gravis
759 2472 819 2516 erat
833 2466 939 2515 invete-

133 2532 186 2584 rati
201 2534 288 2585 moris
304 2540 419 2585 externa
432 2533 561 2584 mutatio.
597 2535 638 2584 21.
657 2533 716 2584 Nec
733 2534 881 2600 quidquam
893 2545 939 2580 eo·

132 2615 278 2668 rum,quae
289 2601 406 2652 invicem
415 2601 518 2652 iactata
528 2607 614 2662 erant,
627 2615 677 2652 rex
688 2601 846 2668 ignorabat,
857 2613 938 2666 quum

76 2663 81 2673 ⁴
131 2674 196 2735 post
206 2667 317 2730 aulaea,
330 2684 400 2736 quae
410 2670 492 2722 lectis
504 2667 668 2733 obduxerat,
679 2675 776 2720 staret.
805 2667 894 2734 Igitur
905 2665 938 2716 ad

165 2735 320 2788 Cunrrus
