2098 3040
158 199 209 248 41⁰
372 191 544 256 QUINTI
572 193 738 246 GURTll

159 297 311 351 satellitum
325 297 459 362 adventu,
475 296 617 366 sexdecim
631 297 742 348 omnino
758 297 853 365 pueris
868 297 972 378 regiae

159 365 285 424 cohortis
297 365 461 429 comitatus,
477 367 507 416 in
522 364 618 416 limine
631 364 730 416 domus
743 379 810 416 suae
822 366 971 428 constitit3

159 432 557 500 castigatosque,etMeleagri
565 432 972 502 mancipiaidentidemappel·

158 503 235 563 lans,
254 501 296 552 sic
310 501 395 552 animi
411 501 559 568 vultusque
576 502 734 551 constantia
747 501 861 563 terruit,
879 501 972 552 utrix

158 567 261 621 mentis
281 574 425 637 compotes
441 567 581 636 lugerent.
616 569 641 618 4.
661 568 798 620 Perdicca
814 583 920 649 pueros
943 584 971 620 e·

177 653 229 688 uos
239 637 323 688 iussit
333 637 536 698 conscendere,
550 642 649 688 etcum
660 634 755 702 paucis
767 651 922 688 amicorum
934 637 970 688 ad

158 654 334 756 {connatam
341 705 478 770 pervenit,
488 704 543 754 iam
554 705 678 755 firmiore
688 703 830 770 praesidio
843 705 969 772 vimpro-

159 772 329 842 pulsaturus,
341 771 366 822 si
376 772 439 838 quis
449 770 572 823 inferret
608 771 632 824 5.
652 771 773 823 Postero
789 771 835 822 die
849 771 969 840 indigne

159 857 205 894 res
225 839 428 892 Macedonibus
448 839 607 902 videbatur,
628 837 792 891 Perdiccam
812 837 849 890 ad
867 841 968 891 mortis

159 907 315 976 periculum
331 907 494 970 adductum;
523 914 551 958 et
560 907 698 975 Meleagri
718 907 907 958 temeritatem
926 923 968 958 ar·

159 978 213 1029 mis
224 976 364 1028 ultumire
374 975 565 1026 decreverant.
602 975 626 1026 6.
645 977 734 1042 Atque
748 975 805 1038 illi,
824 991 909 1043 quum
925 988 969 1027 re-

161 1059 226 1112 gem
236 1043 374 1106 adissent,
394 1044 571 1124 interrogare
586 1058 649 1094 eum
666 1048 836 1108 coeperunt,
851 1059 887 1093 an
900 1042 969 1094 Pcr-

161 1113 271 1164 dlccam
289 1109 488 1178 comprehendi
505 1126 567 1178 lpse
586 1112 725 1162 iussisset.
761 1111 813 1162 llle
827 1111 968 1180 Meleagri

160 1183 295 1232 instinctu
306 1195 336 1231 sc
346 1180 465 1231 iussisse
476 1179 631 1246 respondit.
651 1177 782 1231 Ceterum
795 1194 851 1231 non
861 1178 968 1230 debere

160 1247 325 1299 tumultuari
342 1261 405 1310 eos;
428 1247 591 1301 Perdiccam
606 1248 679 1298 enim
695 1248 797 1298 vivere.
832 1249 858 1296 7.
877 1247 890 1296 Ι
911 1249 969 1298 itur·

161 1315 298 1366 concione
310 1313 438 1377 dimissa,
452 1314 605 1382 Meleager,
624 1316 747 1382 equitum
758 1315 878 1366 maxime
890 1263 968 1366 ieie·
1037 1347 1038 1358 ³

161 1383 255 1432 ctione
266 1381 442 1446 perterritus,
448 1381 585 1448 inopsque
591 1383 712 1445 consilii,
720 1383 834 1450 (quippe
844 1383 970 1449 inipsum
1037 1379 1038 1390 ¹

160 1446 316 1514 periculum
326 1448 475 1512 reciderat,
486 1450 561 1516 quod
571 1450 685 1500 inimico
697 1451 791 1516 paullo
803 1458 867 1501 ante
877 1450 969 1504 inten-

161 1517 254 1580 derat)
270 1515 392 1568 triduum
405 1515 466 1568 fere
482 1520 636 1578 consumsit
653 1519 762 1570 incerta
775 1518 895 1570 consilia
909 1519 969 1570 vol·

160 1584 261 1636 vendo.
298 1584 322 1634 8.
342 1585 378 1636 ut
387 1586 505 1652 pristina
519 1585 631 1652 quidem
645 1587 741 1654 regiae
755 1587 864 1652 species
875 1601 968 1638 mane-

159 1655 220 1704 bat:
240 1667 303 1704 nam
314 1658 343 1703 et
354 1653 442 1720 legati
451 1655 576 1721 gentium
588 1668 684 1704 rerem
694 1654 821 1716 adibant,
833 1661 862 1705 et
873 1653 969 1722 copia·
1002 1693 1006 1700 .

159 1737 222 1772 rum
232 1721 318 1772 duces
329 1720 457 1783 aderant,
477 1728 507 1773 et
519 1722 629 1772 vestibu
642 1737 687 1772 um
703 1722 840 1774 satellites
855 1723 969 1774 armati·

161 1805 215 1858 que
229 1788 445 1856 compleverant.
481 1787 505 1839 9.
525 1788 581 1840 Sed
595 1789 623 1839 in
645 1804 694 1840 ens
708 1805 760 1840 sua
772 1796 871 1856 sponte
891 1805 969 1842 moe·

160 1858 240 1909 stitia
249 1857 364 1908 ultimae
375 1857 580 1922 desperationis
590 1803 676 1910 inies
689 1864 761 1908 erat:
787 1859 969 1926 suspectique

160 1927 294 1987 invicem,
310 1938 367 1975 non
376 1924 454 1975 adire
466 1925 594 1992 propius,
608 1940 665 1976 non
677 1923 802 1992 collqu
815 1923 967 1986 audebant,

160 1997 286 2045 secretas
307 1992 495 2058 cogitationes
511 1995 584 2043 intra
601 2006 631 2041 se
648 2007 759 2059 quoque
773 1991 918 2054 rolveute,
940 2003 969 2044 et

161 2075 197 2113 ex
212 2061 421 2126 comparatione
440 2061 516 2127 regis
531 2059 597 2110 novi
610 2060 781 2111 desiderium
791 2061 968 2112 excitabatur

161 2128 265 2179 amissi.
296 2129 336 2177 lo.
355 2125 408 2178 Ubi
418 2127 467 2178 ille
478 2133 563 2189 esset,
574 2129 652 2178 cuius
662 2129 819 2195 imperium,
830 2129 910 2180 cuius
921 2143 968 2180 au·

161 2196 279 2262 spicium
300 2195 390 2246 secuti
411 2201 503 2256 erant,
527 2195 715 2261 requirebant.
756 2195 916 2248 Destitutos
937 2211 967 2248 se

160 2266 235 2314 inter
248 2261 367 2314 infestas
383 2263 589 2329 indomitasque
605 2268 719 2330 gentes,
738 2264 911 2330 expetituras
924 2269 968 2314 tot

162 2329 282 2381 cladium
293 2345 405 2382 suarum
417 2345 536 2397 poenas,
552 2330 772 2398 quandocunque
784 2331 881 2383 oblata
894 2338 969 2382 esset

162 2398 286 2449 occasio.
324 2399 364 2449 11.
382 2398 435 2450 llis
450 2398 670 2466 cogitationibus
681 2400 789 2450 animos
800 2400 967 2459 eredebant,

162 2479 244 2532 quum
256 2465 449 2528 annuntiatur,
461 2467 583 2534 equites,
595 2466 643 2533 qui
653 2466 704 2519 sub
714 2465 853 2519 Perdicca
864 2475 966 2528 essent,

161 2531 306 2598 occupatis
317 2533 572 2602 circaBabylonem
583 2533 697 2601 campis,
706 2531 887 2598 frumentum,
894 2535 969 2602 quod

161 2600 298 2651 inurbem
315 2599 483 2665 vehebatur,
502 2601 661 2652 retinuisse.
700 2603 740 2652 12.
759 2599 859 2669 ltaque
872 2604 970 2672 inopia

161 2667 293 2732 primum,
313 2667 413 2719 deinde
428 2669 517 2720 fames
534 2683 596 2720 esse
616 2671 723 2735 coepit3
746 2671 838 2738 etqui
854 2671 884 2721 in
901 2671 969 2722 urbe

163 2741 253 2794 erant,
265 2745 313 2784 aut
324 2736 560 2788 reconciliandam
570 2737 689 2803 gratiam
701 2736 916 2803 cuml'erdicca,
924 2749 971 2790 aut
