2082 3042
322 191 470 243 mauu
496 192 560 244 vn.
589 153 685 246 cnr.
713 197 738 244 7.
767 195 791 244 a.
909 195 958 246 rea
1025 175 1026 178 ’

152 302 247 346 tamen
256 293 369 355 restitit,
382 293 542 356 clamitans,
554 291 626 345 nihil
634 295 711 346 aliud
721 310 870 364 superesse
881 297 959 348 loco-

154 377 214 412 rum
225 360 324 411 fraude
335 361 469 427 deceptis,
480 377 562 428 quam
572 359 707 414 honestae
717 365 815 415 mortis
826 363 957 416 solatium

155 444 191 481 ex
201 427 324 480 hostium
335 429 431 480 caede.
467 429 508 481 35.
528 429 620 497 ipsum
631 430 794 496 praevalens
811 446 826 482 e
846 449 898 484 uus
913 447 958 482 ve-

154 495 248 560 hebat,
269 511 323 563 quo
334 498 446 564 saepius
455 499 485 547 in
496 512 600 549 cuneos
611 497 792 548 barbarorum
803 513 817 548 e
841 501 900 550 usis
911 496 958 549 ha-

153 564 234 615 benis
252 569 374 628 erectus,
394 578 495 632 magna
507 571 602 632 strage
620 579 670 616 eos
685 564 806 616 fuderat.
841 567 882 618 36.
902 568 959 620 Sed

154 648 236 700 quum
246 647 327 684 unum
339 646 435 684 omnes
446 637 582 698 peterent,
588 631 682 684 multis
692 631 852 683 uulneribus
861 647 958 684 exsan-

154 700 216 768 guis
222 699 377 768 Hypsidem
387 699 525 767 quendam
535 715 573 752 ex
583 700 680 754 amieis
690 697 820 751 hortatus
831 705 882 762 est,
889 707 921 752 ut
928 701 958 751 in

154 781 254 833 equum
263 784 343 826 suum
354 766 534 831 ascenderet,
555 766 843 834 etseiugaeriperet.
880 767 959 819 Haec

153 841 282 903 agentem
293 835 385 885 anima
399 833 512 896 deiecit,
533 849 690 904 corpusque
706 849 742 886 ex
755 849 826 901 eque
842 831 959 886 defluxit

152 904 304 953 interram.
340 901 382 954 37.
403 901 546 970 Hypsicles
563 909 675 970 poterat
687 902 799 970 quidem
820 899 958 969 effugere3

153 970 203 1022 sed
214 969 317 1020 amisso
329 971 419 1021 amico
430 972 501 1020 mori
512 973 618 1022 statuit.
645 970 707 1022 Una
717 975 778 1022 erat
788 985 862 1030 cura,
875 983 909 1020 ne
919 969 959 1020 in·

153 1036 229 1088 ultus
240 1036 392 1088 occideret.
428 1037 525 1106 ltaque
536 1038 656 1090 subditis
669 1037 825 1089 calcaribus
837 1051 921 1104 equo,
930 1037 959 1086 in

151 1103 261 1156 medios
271 1101 367 1156 hostes
378 1119 408 1156 se
418 1103 542 1168 immisit,
548 1113 577 1158 et
586 1106 763 1157 memorabili
772 1105 847 1157 edita
856 1119 959 1185 pugna,

154 1171 270 1250 obrutus
280 1171 345 1224 t'elis
358 1177 409 1224 est.
444 1173 487 1226 38.
499 1173 581 1234 Quod
592 1174 640 1225 ubi
649 1173 755 1237 videre,
766 1175 813 1240 qui
823 1171 904 1236 caedi
915 1188 959 1222 su-

151 1246 295 1308 pererant,
306 1240 438 1292 tumulum
449 1241 543 1308 paullo
573 1257 636 1294 uam
648 1246 744 1294 cetera
754 1241 902 1292 editiorem
914 1253 958 1292 ca·

151 1307 239 1374 piunt.
276 1308 353 1369 Quos
368 1307 541 1376 Spitamenes
555 1258 633 1361 ieme
652 1311 682 1361 in
703 1309 874 1361 deditionem
895 1305 958 1359 sub-

152 1382 264 1428 acturus
286 1376 406 1428 obsedit.
441 1377 483 1428 39.
503 1377 638 1430 Cecidere
654 1393 688 1430 eo
706 1377 816 1445 proelio
832 1376 958 1444 peditum

151 1443 177 1494 ll
197 1444 300 1505 millia,
320 1443 388 1496 CCC
407 1447 525 1512 equites.
563 1445 652 1506 Quam
671 1445 778 1496 cladem
797 1443 958 1496 Alexander

152 1511 263 1562 sollerti
277 1511 397 1562 consilio
412 1512 491 1574 texit,
511 1519 600 1562 morte
619 1511 781 1563 denuntiata
793 1511 838 1572 iis,
858 1513 906 1578 qui
923 1525 958 1562 ex

152 1577 263 1644 proelio
274 1583 417 1638 venerant,
428 1578 453 1628 si
462 1583 525 1629 aeta
535 1578 707 1645 vulgassent.

203 1641 276 1694 Vlll.
292 1645 421 1694 Ceterum
433 1659 516 1711 quum
528 1645 619 1695 animo
632 1645 770 1711 disparem
781 1644 887 1695 ruitum
897 1644 957 1696 diu·

153 1713 210 1763 tius
220 1709 295 1761 serre
307 1725 362 1760 non
372 1716 477 1776 posset,
497 1712 527 1760 in
537 1711 756 1774 tabernaculum,
775 1724 859 1778 super
869 1711 957 1778 ripam

153 1777 276 1830 fluminis
286 1777 320 1829 de
331 1777 470 1829 industria
483 1777 617 1840 locatum,
640 1779 766 1829 secessit.
802 1779 827 1826 2.
846 1777 888 1827 lbi
898 1778 957 1829 sine

154 1846 266 1898 arbitris
276 1845 388 1912 singula
397 1845 482 1896 animi
493 1846 622 1896 consulta
632 1843 787 1912 pensando,
799 1850 910 1896 noctem
919 1848 957 1897 ri-

153 1915 230 1983 giliis
243 1913 377 1976 extraxit,
397 1929 480 1981 saepe
494 1913 614 1980 pellibus
627 1911 800 1964 tabernaculi
812 1911 957 1975 adlevatis,

152 1989 185 2033 ut
203 1981 381 2049 conspiceret
400 1979 523 2032 hostium
541 1981 633 2049 ignes,
652 1995 667 2032 e
683 1979 782 2048 quibus
798 1979 957 2030 coniectare

152 2055 272 2117 peterat,
295 2054 398 2117 quanta
412 2046 553 2100 hominum
563 2049 712 2102 multitudo
725 2053 808 2099 esset.
846 2047 870 2099 3.
888 2047 958 2097 lam-

14 2139 17 2150 ·
112 2138 115 2143 ·
152 2133 206 2186 que
218 2118 266 2168 lux
275 2116 439 2184 apparebat,
460 2133 543 2186 quum
553 2116 697 2179 thoracem
706 2116 820 2167 indutus
830 2114 958 2181 procedit

152 2185 188 2237 ad
202 2185 317 2247 milites,
336 2189 395 2236 tum
409 2185 525 2250 primurn
541 2191 606 2251 post
621 2185 721 2236 vulnus
736 2182 863 2249 proxime
879 2197 958 2233 acce-

151 2261 238 2320 ptum.
271 2252 295 2303 4.
309 2253 401 2302 Tanta
412 2259 472 2304 erat
481 2252 554 2319 apud
565 2267 614 2304 eos
624 2251 768 2304 veneratio
779 2252 865 2317 regis,
876 2256 907 2301 ut
916 2248 957 2300 fa-

155 2321 207 2384 cile
219 2320 346 2387 periculi,
358 2318 432 2387 quod
443 2317 603 2382 horrebant,
615 2319 815 2388 cogitationem
827 2333 957 2384 praesen-

155 2387 194 2438 tia
204 2389 264 2440 eius
276 2391 429 2440 excuteret
456 2386 481 2438 b.
493 2386 577 2438 Laeti
588 2402 656 2454 ergo
667 2393 696 2438 et
704 2385 879 2438 manantibus
889 2401 956 2454 prae

154 2455 256 2522 gaudio
267 2454 585 2518 lacrimis,c0nsaiutant
595 2469 670 2517 eum3
682 2459 710 2504 et
721 2453 794 2520 quod
804 2461 868 2505 ante
879 2468 958 2504 recu-

153 2522 412 2584 saverantbellum,
422 2521 534 2574 feroces
546 2523 708 2589 deposcunt.
744 2520 767 2572 d.
785 2521 836 2572 llle
850 2535 880 2572 se
890 2520 957 2570 rati-

151 2590 204 2642 bus
227 2593 349 2658 equitem
372 2588 594 2659 phalangemque
618 2595 868 2656 transportaturum
893 2600 955 2638 esse

150 2659 328 2724 pronuntiat,
348 2673 432 2725 super
451 2665 528 2710 utres
543 2657 622 2709 iubet
636 2673 702 2710 nare
717 2656 807 2708 leuius
822 2660 955 2706 armatos.

150 2727 176 2776 7.
197 2725 284 2778 Plura
294 2739 345 2776 neo
356 2725 412 2776 dici
423 2741 468 2778 res
479 2725 658 2784 desiderarit,
679 2741 730 2778 nee
741 2739 791 2776 rex
801 2723 895 2776 dicere
906 2735 957 2788 per
