2082 3042
129 266 180 317 276
347 263 520 325 QUINTI
548 263 713 314 GUR'l'll

129 368 183 420 mis
193 366 304 434 quidem
315 367 383 417 satis
394 371 496 426 notam,
509 364 608 431 quippe
619 361 696 412 nullo
707 361 874 412 commercio
884 375 936 410 vo-

129 435 234 484 lentem
244 439 356 484 mutuos
366 448 449 496 usus,
470 446 532 482 cum
543 429 669 480 exercitu
677 428 800 479 intravit.
837 427 862 478 6.
881 427 936 478 Pa-

130 498 321 568 rapamisadae
331 499 514 566 appellantur,
526 501 637 564 agreste
649 493 790 547 hominum
800 509 899 562 genus,
907 503 938 546 et

130 566 348 618 interbarbaros
357 567 476 618 maxime
485 564 667 616 inconditum.
703 561 844 613 Locorum
854 577 936 629 aspe-

130 635 200 685 ritas
215 631 356 685 hominum
370 647 480 700 quoque
493 632 607 699 ingenia
620 629 777 683 duraverat.
811 631 837 679 7.
857 628 936 679 Geli-

131 701 274 753 dissimum
286 699 500 767 septemtrionis
520 713 600 748 axem
616 711 651 747 ex
662 712 763 764 magna
776 703 856 763 parte
871 712 934 763 spe·

132 774 221 830 ctant3
230 767 387 818 Bactrianis
398 766 432 817 ad
444 766 624 817 Occidentem
635 765 777 817 coniuncti
786 770 862 814 sunt:
878 779 935 814 me-

130 835 240 886 iidiana
258 836 338 902 regio
355 833 390 885 ad
405 848 481 884 mare
495 833 618 883 Indicum
628 832 728 898 vergit.
764 830 789 880 8.
807 833 936 898 Tuguria

130 901 219 952 latere
230 903 318 968 primo
330 907 455 964 struunt,
476 908 505 952 et
513 902 579 966 quia
588 899 693 950 sterilis
704 905 747 950 est
756 903 833 950 terra
848 903 935 949 mate·

130 970 200 1032 riae,
211 969 240 1020 in
250 970 324 1020 nudo
338 970 421 1019 etiam
432 969 535 1019 montis
547 967 641 1030 dorso,
652 981 740 1033 usque
752 966 787 1016 ad
797 979 935 1016 summum

130 1036 322 1088 aedificiorum
332 1034 475 1103 fastigium
487 1035 587 1086 codem
595 1034 732 1084 laterculo
746 1038 871 1083 utuntur.
907 1031 931 1082 9.

130 1105 261 1156 Ceterum
271 1109 410 1154 structura
418 1103 504 1154 latior
514 1102 548 1153 ab
559 1101 772 1168 imo,paullatim
779 1101 934 1151 incremen-

128 1177 159 1221 to
181 1170 274 1236 operis
287 1171 317 1219 in
333 1170 436 1220 arctius
450 1171 573 1236 cogitur:
595 1169 629 1219 ad
644 1169 770 1219 ultimum
780 1170 809 1217 in
820 1168 932 1218 carinae

128 1238 249 1288 maxime
268 1237 380 1286 modum
401 1237 468 1287 coit.
504 1236 546 1286 lbi
556 1236 693 1286 foramine
701 1235 800 1286 relicto
812 1249 931 1301 superne

127 1302 222 1352 lumen
233 1303 381 1365 accipiunt
417 1304 458 1353 1⁰.
468 1303 510 1354 Ad
519 1303 640 1354 medium
649 1304 721 1354 vites
733 1309 762 1352 et
771 1302 897 1365 arbores,
909 1303 933 1352 si

129 1383 200 1436 quae
218 1369 246 1419 in
265 1375 445 1420 tantoterrae
464 1371 559 1488 rigore
580 1370 681 1420 durare
700 1376 864 1439 potuerunt,
886 1370 932 1420 ob-

128 1440 222 1486 ruunt.
258 1434 475 1488 Penitushieme
508 1436 618 1488 efossae
629 1437 727 1489 latent.
756 1437 932 1499 Quum,nive

38 1528 40 1549 ι
128 1502 265 1566 discussa,
285 1505 388 1570 aperiri
407 1503 506 1556 humus
526 1506 629 1571 coepit,
650 1506 731 1556 coelo
745 1504 855 1571 solique
871 1507 932 1556 red·

128 1569 239 1622 duntur.
276 1573 317 1622 ll.
336 1573 467 1624 Ceterum
481 1572 552 1623 adeo
568 1573 640 1623 altae
651 1573 730 1623 nives
739 1580 870 1639 premunt
878 1577 932 1624 ter-

127 1651 195 1700 ram,
204 1639 270 1706 gelu
281 1646 310 1690 et
319 1647 453 1758 perpetuo
464 1655 553 1707 paene
564 1641 660 1706 rigore
671 1640 851 1701 constrictae,
857 1647 889 1690 ut
897 1655 930 1689 ne

128 1706 220 1756 arium
235 1707 346 1773 quidem
374 1722 473 1759 eraeve
484 1708 568 1758 ullius
578 1707 727 1774 vestigium
738 1712 839 1757 exstet.
879 1706 930 1758 Ob·
1027 1771 1028 1775 Ἰ

128 1788 211 1824 scura
221 1775 294 1824 coeli
302 1775 396 1827 verius
408 1776 506 1827 umbra
533 1790 595 1826 uam
605 1775 662 1836 lux,
672 1775 748 1825 nocti
758 1774 859 1824 similis
869 1789 930 1841 pre·
1026 1824 1027 1841 χ

126 1842 296 1904 mitterram,
307 1845 353 1894 rix
362 1850 393 1894 ut
402 1857 473 1909 quae
484 1791 571 1910 prfflpe
582 1847 655 1904 sunt,
676 1841 801 1908 conspici
811 1843 929 1908 possint.
1025 1889 1026 1907 ¹

127 1907 169 1958 n.
189 1908 221 1957 lu
231 1906 283 1960 hac
292 1916 385 1961 tamen
397 1912 486 1961 omnis
498 1908 609 1960 humaui
620 1907 710 1959 cultus
722 1907 874 1959 solitudine
885 1908 931 1958 de·
1024 1955 1025 1971 ¹

81 1983 83 1990 ⁴
127 1975 241 2026 stitutus
251 1979 400 2040 exercitus,
411 1976 545 2042 quidquid
554 1977 690 2027 malorum
700 1975 818 2026 tolerari
827 1982 931 2043 potest,

125 2042 253 2109 pertulit3
273 2045 404 2108 inopiam,
424 2042 523 2110 frigus,
542 2043 743 2104 lassitudinem,
759 2042 932 2109 desperatio·
1022 2045 1023 2048 ’

126 2123 198 2160 nem.
234 2109 276 2160 13.
295 2109 402 2159 Multos
422 2112 590 2161 exanimavit
606 2112 684 2177 rigor
702 2110 835 2162 insolitus
845 2111 931 2173 nivis3

126 2176 276 2226 multorum
286 2175 394 2226 adussit
423 2177 505 2240 edes3
517 2177 697 2244 plurimorum
709 2176 817 2228 oculos.
847 2177 931 2229 Prae-

127 2193 932 2379 transisitum.saturnal

127 2373 275 2437 desisseut,
294 2377 336 2427 ris
346 2375 461 2444 frigoris
472 2381 512 2430 ita
522 2379 720 2448 adstringebat,
740 2384 772 2428 ut
786 2393 885 2430 rursus
897 2380 931 2430 ad

127 2443 296 2508 surgendum
307 2446 412 2495 conniti
421 2461 476 2496 non
487 2453 611 2513 possent.
649 2447 688 2496 14.
700 2448 722 2498 A
733 2447 932 2498 commilitoni-

125 2509 177 2560 bus
195 2515 338 2576 torpentes
359 2513 564 2565 excitabantur:
584 2528 673 2581 neque
688 2513 764 2564 aliud
774 2515 931 2566 remedium

127 2583 196 2639 erat,
207 2593 289 2644 quam
297 2586 329 2629 ut
338 2578 447 2647 ingredi
458 2587 633 2648 cogerentur.
661 2582 731 2632 Tum
742 2580 855 2632 demum
863 2582 933 2632 vita-

126 2642 147 2693 li
165 2645 259 2696 calore
279 2652 364 2708 moto,
385 2647 514 2699 membris
529 2649 630 2714 aliquis
638 2649 751 2699 redibat
759 2651 852 2716 rigor.
891 2649 932 2700 15.

127 2708 155 2761 Si
168 2711 214 2778 qui
224 2715 336 2782 tuguria
344 2714 525 2765 barbarorum
536 2717 613 2766 adire
623 2721 784 2783 potuerunt,
796 2715 933 2769 celeriter

124 2776 225 2828 reiecti
235 2787 306 2832 sunt.
334 2781 389 2833 Sed
399 2787 477 2833 tanta
485 2782 578 2850 caligo
589 2790 659 2846 erat,
670 2790 701 2834 ut
710 2782 842 2835 aedilicia
852 2783 934 2836 nulla
