2054 3030
243 181 247 195 '
290 165 438 218 LIBER
466 163 642 219 111011).
673 171 696 218 l.
847 168 898 220 ler

2 265 13 286 ²
85 275 237 342 postquam
250 267 320 320 nibil
329 268 393 320 inde
404 267 538 335 praesidii
547 268 718 332 mittebatur,
732 269 767 321 ad
778 271 897 336 praesti·

2 331 12 359 ¹
78 347 174 395 tutam
196 338 271 390 diem
292 337 444 403 permisere
473 335 600 403 reregi.
644 333 896 404 &Superveniunt

3 405 9 430 ⁵
75 407 187 460 deiude
198 406 287 474 legati
296 402 519 467 Atheniensium,
538 408 679 474 petentes,
693 410 725 454 ut
733 406 809 473 capti
820 420 838 456 a
857 405 894 458 ud

2 478 8 505 ¹
84 474 239 528 Granicum
257 487 365 524 amnem
383 471 569 522 redderentur
590 469 654 521 sibi.
695 469 746 522 llle
765 486 822 526 non
837 421 894 525 Ros

3 553 4 576 ¹
83 540 182 604 modo,
197 541 247 592 sed
257 543 342 592 etiam
353 544 465 591 ceteros
476 537 602 590 Graecos
612 537 725 590 restitui
735 540 795 590 suis
805 541 895 594 iussu-

1 624 4 648 τ
82 625 148 662 rum
167 608 322 676 respondit,
342 607 422 658 linito
443 605 560 658 Persico
579 603 667 657 bello.
703 606 746 656 1⁰.
763 607 896 660 ceterum

2 705 3 710 =
82 677 175 730 Dario
185 675 342 736 imminens,
353 690 436 741 quem
445 673 568 725 nondum
576 669 738 738 Euphraten
748 687 895 740 superasse
936 719 938 726 .

82 750 270 811 cognoverat,
290 741 413 808 undique
433 754 529 792 omnes
540 743 637 806 copies
653 737 807 803 contrabit,
826 742 896 793 totis

80 811 190 864 viribus
205 812 278 863 tanti
293 809 363 863 belli
376 809 527 860 discrimen
540 805 676 858 aditurus.
712 809 753 857 11.
771 805 897 876 Phrygia

78 886 154 942 erat,
173 894 225 946 per
240 893 324 946 quem
341 875 495 928 ducebatur
504 874 659 939 exercitum
678 873 804 941 pluribus
815 875 896 938 vicis,

54 963 57 968 ¹
79 963 167 1016 quam
177 946 295 1000 urbibus
304 943 446 1011 frequens.
476 943 517 994 11.
536 939 896 1010 Tunchabebatquondam

79 1015 212 1070 nobilem
231 1011 328 1064 Midae
347 1011 468 1080 regiam3
488 1009 624 1062 Gordium
643 1024 744 1062 nomen
764 1016 808 1062 est
822 1011 895 1074 urbi,

102 1097 169 1136 uam
180 1080 334 1147 Sangarius
344 1079 432 1130 munis
442 1076 586 1140 interfluit,
595 1079 658 1146 pari
667 1077 895 1130 intervalloPon·

76 1159 144 1204 troo
159 1153 189 1200 et
203 1148 305 1200 cilicio
321 1145 389 1198 meri
406 1146 565 1198 distantem.
602 1145 643 1198 13.
662 1144 739 1198 luter
754 1144 825 1198 baec
837 1161 895 1198 ma·

77 1221 127 1272 rie
145 1216 373 1284 angustissimum
385 1215 469 1267 Asiae
480 1214 602 1282 spatium
621 1227 684 1264 esse
698 1217 894 1282 comperimus,

77 1292 205 1352 utroque
219 1283 249 1334 in
262 1288 337 1334 artas
353 1281 450 1334 lauces
465 1297 527 1334 com
548 1281 651 1333 ellente
665 1286 778 1334 terram.
814 1282 893 1345 Quae

78 1354 151 1422 quia
160 1351 316 1402 continenti
326 1349 473 1414 adhaeret,
489 1297 546 1401 serf
554 1363 655 1416 magna
671 1355 794 1416 exparte
806 1351 894 1418 cingi-

77 1418 283 1482 turfluctibus,
303 1419 425 1485 speciem
435 1418 544 1470 insulae
554 1416 681 1484 praebet3
697 1432 729 1468 ac
744 1418 799 1470 nisi
808 1425 893 1471 tenue

76 1488 235 1540 discrimen
246 1485 395 1548 obiiceret,
410 1487 511 1548 maria,
526 1498 598 1551 quae
608 1499 681 1537 nunc
692 1485 805 1549 dividit,
820 1501 894 1538 com·

78 1556 218 1608 mitteret.
254 1554 296 1605 11.
314 1552 482 1616 Alexander,
496 1552 566 1604 urbe
575 1553 605 1603 in
616 1567 695 1604 suam
706 1552 841 1604 ditionem
851 1568 895 1605 re-

82 1625 177 1685 dacta,
197 1621 272 1672 loris
288 1621 422 1688 templum
436 1621 531 1672 intrat.
566 1617 746 1684 Vehiculum,
757 1636 812 1688 quo
824 1619 895 1672 Gor-

79 1689 262 1744 diumMidae
273 1694 381 1756 petrem
392 1693 502 1738 vectum
514 1701 577 1737 esse
587 1687 744 1750 constabat,
754 1688 894 1753 adspexit,

82 1758 165 1811 cultu
179 1755 254 1808 haud
270 1770 336 1806 sane
353 1770 372 1806 a
382 1755 530 1806 vilioribus
543 1753 721 1832 vulgatisque
734 1769 788 1804 ueu
797 1752 897 1804 abbor-

80 1841 163 1880 rens.
189 1818 238 1876 'lla
258 1822 391 1876 Notabile
406 1826 468 1873 erat
479 1822 575 1888 iugum
596 1820 760 1871 adsmcmm
775 1820 898 1886 complu·

49 1949 51 1955 ,
80 1895 165 1947 ribus
183 1893 267 1944 nodie
281 1891 310 1944 in
324 1891 424 1943 semeti
445 1904 493 1941 soe
512 1887 674 1955 implicatis,
694 1893 722 1938 et
740 1887 896 1940 celantibus

81 1975 186 2014 nexus.
222 1959 261 2012 ld⁴
271 1959 375 2010 lncolis
386 1955 488 2011 demde
498 1954 707 2018 affirmantibus,
718 1955 823 2008 editam
833 1970 897 2007 esee

84 2027 205 2082 oraculo
215 2033 330 2089 sortem,
349 2027 433 2078 Asiae
444 2025 613 2091 potiturum,
635 2023 682 2091 qui
698 2022 896 2090 inexplicabile

81 2094 227 2180 yinculum
239 2095 383 2159 solvisset,
394 2093 497 2161 cupido
506 2093 625 2144 incessit
634 2091 727 2143 animo
737 2091 824 2143 eortia
835 2093 896 2143 eius

77 2156 895 2306 eldrianiifiirirtleitliblitildis

77 2299 210 2353 sollicita
229 2312 265 2350 ex
285 2297 436 2350 temeraria
454 2296 531 2364 regis
551 2295 665 2346 fiducias
688 2307 799 2361 quippe,
819 2297 894 2348 cerie

76 2366 259 2420 vinculorum
276 2366 318 2416 ita
336 2364 480 2426 adstricta,
499 2369 538 2425 ut,
557 2362 631 2414 unde
651 2376 739 2414 nexus
757 2362 894 2430 inciperet

76 2449 177 2503 quove
187 2449 217 2487 ee
228 2434 372 2494 conderet,
391 2447 444 2483 nec
453 2436 563 2482 ratione
578 2445 631 2480 nec
641 2431 702 2480 visu
712 2431 818 2498 percipi
829 2447 893 2498 poe·

77 2508 141 2563 set,
162 2501 272 2553 solvere
282 2515 434 2568 aggresus
444 2499 581 2550 iniecerat
590 2511 697 2560 curam,
720 2512 755 2550 ne
771 2499 799 2549 in
811 2513 894 2551 omen

77 2575 241 2622 verteretur
250 2569 514 2634 inituminceptum.
531 2566 571 2616 18.
582 2564 642 2628 llle,
653 2563 892 2635 nequidquamdiu

77 2637 206 2690 luctatus
218 2651 280 2688 cum
295 2634 446 2687 latentibus
460 2632 552 2697 nodis,
566 2631 642 2694 nibil,
655 2633 754 2700 inquit,
771 2633 891 2694 intereat,

76 2705 216 2776 ceomedo
235 2703 386 2756 rebantur:
404 2701 554 2770 gladioque
567 2701 657 2768 ruptis
672 2701 799 2752 omnibus
812 2698 892 2758 loris,
943 2733 1024 2964 Δ
