2036 3030
33 199 37 242 i
114 197 148 248 db
293 189 433 244 lonNN.
453 189 736 243 FREINSHEMH

32 287 34 294 ’
115 295 218 348 erectis
230 294 261 344 in
279 305 358 359 spem
375 291 515 344 libertatis
527 291 698 344 Graecorum
717 291 825 354 animis,
846 307 917 360 quos

31 393 32 396 =
114 362 259 428 Philippus
274 365 463 427 oppresserat,
485 366 514 410 et
533 358 764 411 tumultuantibus
774 359 805 409 in
814 359 918 410 vicima

112 429 258 489 barbaris,
281 441 317 477 ne
340 427 524 478 Macedoniae
546 427 658 494 qnidam
683 425 851 492 tranquillae
868 441 916 478 res

113 501 202 548 erant.
229 495 254 546 d.
271 495 389 557 Attalus,
399 493 473 544 haud
483 493 633 560 spernendi
643 493 782 544 exercitus
792 501 914 560 praetor,

114 562 264 614 ambitioso
274 563 391 627 imperio
403 562 502 612 mirum
512 561 567 612 sibi
577 559 702 612 latorem
712 559 785 626 apud
797 560 917 611 militum

113 631 214 698 vulgus
233 629 443 694 conciliaverat:
461 629 632 746 principibus
650 627 835 678 Macedonum
853 642 917 693 pro-

113 698 269 765 pinquitate
277 698 411 758 innexus,
431 696 546 747 etiamP
567 695 655 748 ilotue
669 707 795 746 sororem
805 695 859 746 sibi
870 695 917 745 de-

114 765 277 832 sponderatr
296 779 386 831 neque
399 770 464 830 post
476 769 568 817 tantas
582 763 712 829 utrinque
735 760 858 812 offensae
876 763 916 812 in-

113 835 174 884 viso
192 831 352 898 infestoque
371 831 441 882 tides
460 829 557 883 haberi
574 836 695 897 poterat.
721 829 746 882 b.
773 830 917 896 Amyntas,

114 915 196 968 quem
205 900 292 951 fratre
303 897 439 949 Perdicca
449 899 581 964 genitum,
600 897 665 949 date
673 899 704 948 in
712 896 918 947 matrimonium

115 971 194 1035 Cyna
206 966 350 1032 Philippus
370 979 503 1030 generum
521 965 639 1032 legerat,
658 965 694 1016 ad
712 963 821 1030 paterni
837 964 918 1031 regni

115 1034 323 1086 successionem
346 1045 395 1096 per
421 1031 574 1082 Alexandri
602 1029 717 1084 caedem
744 1031 916 1098 adspirabat.

115 1103 139 1152 5.
151 1100 253 1165 Populi
261 1113 362 1166 magua
371 1113 444 1164 pars,
452 1099 625 1166 Olympiadis
634 1099 809 1165 tyrannidem
821 1112 916 1157 exosa,

116 1169 163 1218 alii
175 1181 267 1217 rernm
277 1180 409 1216 novarum
420 1167 558 1232 cupidine,
572 1166 648 1216 varie
658 1167 687 1216 in
699 1165 771 1216 hunc
781 1172 829 1218 aut
838 1166 918 1216 illum

114 1234 286 1285 inclinabant
307 1232 423 1284 studiis:
456 1247 507 1283 neo
533 1233 665 1296 deerant,
689 1234 738 1301 qui
759 1233 917 1284 Alexandro

115 1301 219 1367 Aesopi
231 1300 290 1351 filio
301 1299 502 1351 restituendum
516 1300 643 1351 dicerent
658 1299 812 1368 fastigium,
833 1301 918 1368 qnod,

116 1367 234 1418 excluso
244 1367 371 1434 legitimo
382 1369 463 1434 regni
473 1366 586 1430 herede,
598 1369 730 1435 Amyntas
740 1369 826 1434 prius,
842 1368 919 1419 dein-

116 1436 151 1486 de
163 1432 316 1502 Philippus,
326 1436 354 1485 vi
365 1449 397 1487 ac
407 1433 506 1486 fraude
516 1435 691 1487 invasissent.
726 1435 751 1487 6.
770 1435 918 1487 Exercitus

116 1515 241 1570 quoque,
261 1503 346 1553 variis
361 1502 563 1554 exustionibus
575 1505 758 1571 compositus,
778 1505 919 1569 utouique

116 1569 224 1620 animus
235 1574 284 1620 aut
293 1583 357 1635 spes
368 1575 436 1631 erat,
450 1570 627 1622 discordibus
639 1571 765 1622 consiliis
777 1577 806 1622 et
815 1585 918 1622 sermo-

115 1636 197 1688 nibus
208 1635 374 1704 agitabatur.
410 1639 434 1686 7.
463 1638 568 1690 Contra
576 1637 737 1690 Alexandro
752 1653 854 1689 novum
870 1639 918 1689 im-

114 1704 231 1773 perium,
251 1704 395 1755 aceubitu
418 1703 539 1772 Philippi
559 1704 715 1764 casunihil
729 1705 862 1756 adversus
878 1708 919 1756 in·
999 1711 1001 1758 ἶ

134 1778 248 1823 ruentes
258 1778 350 1823 motrrs
361 1774 501 1839 provisum
513 1781 584 1825 erat:
602 1780 631 1825 et
640 1787 804 1842 quamquam
814 1772 918 1824 indolis

115 1788 189 1891 haud
199 1842 365 1908 poeniteret,
387 1847 464 1892 aetas
479 1841 670 1906 spernebatur.
704 1839 814 1908 Viginti
833 1854 918 1891 anno·

113 1922 175 1958 rum
187 1908 394 1958 adolescentem
408 1913 502 1958 tantae
513 1924 605 1960 rerum
615 1908 684 1960 moli
702 1907 832 1959 humeros
854 1906 917 1959 sub-

113 1975 260 2035 iecturum,
281 1980 338 2035 aut,
362 1976 387 2025 si
409 1976 573 2041 recepisset,
592 1991 686 2043 parem
709 1974 841 2037 futurum,
862 1988 918 2025 non

116 2043 330 2094 arbitrabantur.
366 2041 390 2090 8.
418 2041 510 2092 Etiam
521 2058 621 2094 uersus
631 2043 816 2110 gerendarum
824 2057 919 2093 rerum

114 2110 235 2227 pecunia
245 2107 397 2171 deiecerat
412 2124 467 2175 qua
476 2109 758 2163 abundantesPersae
768 2111 798 2160 iu
809 2124 917 2161 omnem

128 2191 175 2227 ere
187 2176 333 2228 Graeciam
344 2182 522 2242 corruptores
533 2178 678 2229 miserant:
694 2184 731 2240 et,
742 2195 775 2228 ne
786 2177 852 2244 quid
863 2191 918 2227 ma-

114 2243 150 2294 lis
167 2243 292 2304 deesset,
313 2242 496 2295 Macedoniae
510 2246 648 2308 maritima
657 2245 744 2297 Tusci
753 2246 861 2311 piratae
872 2245 918 2295 de·

115 2309 328 2376 praedabantur.
355 2308 380 2361 9.
405 2311 574 2363 Convocatis
584 2313 690 2375 amicis,
701 2328 784 2380 quum
795 2312 831 2363 de
840 2327 918 2379 prae·

116 2377 188 2427 senti
199 2391 290 2427 rerum
304 2383 378 2429 statu
388 2378 553 2430 deliberatio
563 2380 692 2432 instituta
702 2385 790 2440 esset,
805 2395 862 2431 non
873 2379 919 2432 de·

113 2442 235 2507 fuerunt,
249 2445 297 2511 qui
307 2451 463 2508 censerent,
476 2446 719 2499 omissaGraeciae
730 2459 806 2508 cura,
817 2452 920 2514 quanta

113 2516 212 2578 posset
231 2512 346 2564 lenitate
364 2513 526 2564 deficientes
537 2512 672 2565 barbaros
681 2516 710 2565 in
723 2513 819 2565 officio
831 2515 919 2566 conti·

113 2579 220 2630 nendos
230 2594 305 2631 esse:
320 2585 467 2646 postquem
476 2579 602 2630 intestini
611 2586 704 2632 motus
715 2581 919 2643 consedissent,

112 2645 625 2715 longinquaiaciliuscompositurum.
662 2649 703 2699 lo.
730 2645 835 2698 Verum
853 2647 920 2700 ado·

113 2711 224 2766 lesceus
244 2713 350 2780 insigni
369 2711 454 2761 animi
472 2713 679 2778 magnitudine,
699 2721 782 2768 cauta
800 2715 920 2767 consilis
