2082 3042
307 168 454 220 eroon
480 167 564 219 vrrs.
593 169 688 236 cur.
718 171 758 222 14.
885 173 934 224 oea

127 273 157 321 in
168 274 230 336 ipsa
239 273 329 322 morte
340 271 405 322 novi
416 268 547 336 supplicii
556 269 640 320 timor
652 270 806 323 omittebat.
834 272 876 324 3⁰.
885 273 935 324 llr·

130 353 166 406 go
179 335 331 403 elephanti,
341 336 503 388 vulneribus
513 336 627 387 tandem
636 334 758 403 fatigati,
770 355 837 392 suos
848 341 934 408 impe-

129 415 161 457 tu
171 411 308 469 sternunt,
328 406 414 471 etqui
423 409 556 456 rexerant
566 419 625 465 eos,
647 406 822 472 praecipitati
837 408 868 459 in
878 416 933 460 ter·

128 487 199 536 rem,
220 471 255 522 ab
269 473 337 538 ipsis
353 473 561 524 obterebantur.
596 470 694 536 ltaque
708 485 838 537 pecorum
847 476 932 528 modo

127 540 218 608 magis
230 539 332 608 pavidi,
342 555 426 606 quam
435 538 542 600 infesti,
553 537 628 588 ultra
636 540 726 588 eciem
736 540 932 606 exigebantm
1032 547 1033 550 ’

127 609 171 659 31.
186 623 269 675 quum
277 606 378 670 Porus,
388 607 539 658 destitutus
551 621 568 656 e
577 605 713 673 pluribus,
722 606 876 660 telamults
886 625 932 662 u.

125 681 157 726 te
178 675 385 742 praeparatam
402 672 587 725 circumfusos
600 687 637 724 ex
646 671 795 738 elephanto
808 689 860 725 suo
870 690 932 728 coe·

127 745 170 810 pit
180 745 324 810 ingerere,
334 741 485 809 multisque
497 740 605 792 eminus
617 741 778 803 vulneratis,
790 743 933 808 expositus

125 815 188 877 ipse
208 810 337 862 edictus
357 809 481 876 undique
499 809 655 874 petebatur.
690 809 732 859 dl.
751 807 860 860 Novem
879 811 935 861 iam

126 875 421 944 vulneralrinctergo‚
441 875 521 926 illinc
531 881 645 941 pectore
656 883 814 942 exceperat,
835 877 936 928 multo·

125 961 181 1014 que
201 944 338 1010 sanguine
355 942 472 1010 profuso
486 943 627 1009 languidis
641 943 768 995 manibus
778 945 868 1011 magis
879 945 936 996 elu-

126 1011 732 1132 tetaluteitssaliiai¹³dssisltinii
751 1008 937 1130 deliret:

125 1093 286 1208 ordinsslmn
316 1145 407 1198 donec
424 1115 519 1197 rec’tor
537 1145 649 1198 belluae
668 1115 765 1215 rege'm
788 1148 937 1214 conspexit

126 1213 278 1266 fluentibus
298 1213 429 1266 membris
446 1213 559 1266 omissis
579 1227 613 1265 ue
624 1214 935 1281 armisrixcompotcm

124 1282 237 1334 mentis.
263 1281 304 1332 34.
316 1283 388 1332 Tum
397 1281 519 1332 belluam
528 1229 663 1350 inlugam
674 1282 806 1345 concitat,
816 1297 935 1351 sequen-

125 1357 156 1400 te
166 1348 338 1402 Alexandro:
358 1348 409 1400 sed
420 1363 507 1418 equus
518 1349 579 1400 eius
589 1349 684 1401 multia
694 1350 856 1402 vulneribus
867 1366 933 1403 con-

124 1416 222 1468 fossus
244 1417 433 1483 deficiensque
449 1416 612 1482 procubuit,
631 1420 726 1483 posito
745 1420 835 1484 magis
854 1433 933 1488 rege,

124 1500 209 1552 quam
220 1481 322 1534 effuso.
357 1482 455 1598 ltnpue
466 1482 530 1532 dum
542 1497 641 1549 equum
651 1488 754 1545 mutat,
773 1486 882 1537 tardius
893 1489 934 1537 in-

125 1557 241 1602 secutus
252 1555 304 1600 cst.
340 1548 382 1600 35.
414 1549 515 1599 nterim
526 1547 615 1598 frater
625 1549 746 1610 Tardis,
765 1551 842 1616 regis
852 1553 934 1602 ludo-

124 1634 197 1680 rum,
216 1616 387 1683 praemissus
407 1615 442 1666 ab
452 1614 620 1677 Alexandro,
640 1630 755 1667 monere
771 1618 866 1683 coepit
880 1617 933 1669 Po-

125 1701 197 1748 rum,
216 1698 252 1734 ne
262 1683 361 1734 ultima
372 1681 494 1748 experiri
503 1689 705 1747 perseveraret,
722 1683 892 1750 dederetque
903 1699 934 1737 ee

124 1751 238 1805 victori.
274 1751 316 1812 86,
335 1749 443 1812 Atille,
463 1763 629 1816 quemquam
640 1747 793 1800 exhaustae
806 1757 886 1802 erant
896 1753 935 1803 ri·

125 1835 182 1882 res,
203 1817 408 1885 deficiebatque
422 1817 546 1882 sanguis,
566 1822 659 1867 tamen
672 1817 708 1868 ad
722 1822 816 1868 notam
836 1833 935 1871 vocem

125 1887 276 1966 exemptus,
295 1884 432 1972 dgcospo,
451 1884 551 1951 inquit,
573 1879 810 1953 Taxr'lrsfrotrem
829 1883 866 1935 ἐπι
921 1887 937 1937 'i

125 1951 934 2088 alwintezflittzlaatilleeldelmi&

125 2096 225 2158 pectus
236 2088 394 2157 penetrarit
403 2087 438 2138 ad
446 2093 566 2155 tergum
602 2087 645 2139 et.
663 2087 728 2138 lloc
738 2088 836 2139 ultimo
847 2089 934 2141 virtu-

124 2160 163 2210 tis
173 2171 259 2227 opere
270 2156 365 2218 edito,
375 2154 474 2222 fugero
485 2156 577 2206 acrius
589 2155 695 2221 coepit:
707 2155 758 2206 sed
768 2153 934 2222 elephantus

124 2223 933 2361 mettid”stlitettttititlelitterale?

307 2328 314 2354 ,
847 2328 853 2343 0
924 2331 931 2344 ο

125 2361 184 2412 lam
197 2359 355 2413 Alexander
369 2364 537 2410 consecutus
547 2365 619 2421 eret,
642 2363 678 2420 et,
699 2361 853 2426 pertinacia
863 2359 934 2413 Pori

126 2429 250 2494 cognita,
270 2427 385 2480 vetebnt
393 2424 591 2478 resistentibus
601 2428 686 2493 parci.
722 2427 797 2494 Engo
809 2427 931 2496 undique

126 2501 156 2548 et
164 2499 194 2546 in
203 2495 323 2562 pedites,
334 2501 364 2547 et
373 2495 403 2546 in
412 2494 502 2561 ipsum
514 2491 627 2556 Porum,
637 2493 694 2545 tela
706 2502 842 2562 congesta
853 2502 931 2546 suntr

125 2567 187 2630 quis
199 2563 311 2614 tandem
357 2568 466 2623 eratus,
481 2560 539 2613 labi
550 2561 688 2613 exbellue
697 2564 799 2630 coepit.
836 2560 877 2613 39.
889 2563 931 2614 ln·

125 2631 191 2694 dus,
202 2631 249 2698 qui
260 2578 436 2697 elepffintum
447 2629 578 2698 regebat,
589 2628 759 2681 descendere
772 2645 835 2681 eum
844 2635 931 2692 ratus,

123 2713 203 2750 more
214 2697 299 2749 solito
311 2696 487 2765 elephantum
497 2698 680 2766 procumbere
691 2698 774 2749 iussit
786 2697 815 2748 in
824 2711 930 2766 genua:
955 2722 959 2729 ·
