2054 3030
84 221 136 274 164
300 221 473 282 oolN‘rl
500 218 666 273 GURTll
758 223 760 230 ‘

83 323 145 375 lere
159 323 251 374 stadia
258 337 436 392 progressus,
448 323 483 374 ad
494 323 613 374 alterum
623 334 741 381 amnem,
759 319 888 382 (Bumelo

69 405 186 443 nomen
203 395 268 454 est)
290 399 384 442 castra
399 392 502 458 posuit.
539 391 704 458 Opportuna
717 387 889 454 explicandis

84 459 174 525 copiis
185 459 265 526 reglo
276 466 345 522 erat,
364 459 525 527 equitabilis
536 465 565 509 et
577 463 657 508 vasta
671 456 813 521 planities.
849 453 888 506 Ne

84 527 186 591 stirpes
198 527 310 593 quidem
320 533 348 578 et
357 528 455 578 brevia
464 526 586 592 virgulta
596 525 726 591 operiunt
736 522 842 573 solum:
857 523 888 572 li-

81 594 187 661 berque
200 601 364 662 prospectus
376 595 531 655 oculorum,
554 598 583 643 et
592 594 628 647 ad
639 606 682 654 ea,
701 605 774 657 quae
791 589 888 657 procul

81 675 237 724 recessere,
257 663 436 729 permittitur.
471 662 568 728 ltaque
584 661 610 710 si
623 674 677 726 qua
687 659 889 725 campiemine·

81 729 157 791 bant,
168 729 252 780 iussit
262 731 386 797 aequari,
396 735 542 796 totumque
554 727 699 794 fastigium
709 725 832 776 extendi.
848 727 888 775 11.

81 796 255 859 Alexandro,
276 799 323 864 qui
339 811 482 848 numerum
500 797 642 864 copiarum
663 795 736 853 eius,
775 799 889 845 uantum

80 865 180 930 procul
191 866 472 930 coniectaripoterat,
492 862 685 923 aestimabant,
703 809 892 914 :indensi-uns

81 929 174 994 fidem,
185 937 230 982 tot
239 931 362 982 millibus
376 933 475 994 caesis,
494 934 615 981 maiores
627 929 723 995 copias
734 942 798 979 esse
808 943 888 996 repa-

80 1004 165 1049 ratas.
203 1000 243 1048 la.
264 1000 393 1051 Ceterum
405 1000 494 1049 omnis
505 998 630 1064 periculi,
652 1003 681 1048 et
688 997 809 1047 maxime
819 997 887 1048 mul·

81 1066 209 1117 titudinis
225 1071 411 1132 contemptor,
430 1067 585 1117 undecimis
603 1065 703 1117 eastris
714 1064 888 1131 pervenitad

80 1132 261 1199 Euphratem:
278 1148 332 1200 quo
343 1133 474 1200 pontibus
485 1135 590 1196 iuncto,
601 1135 710 1200 equites
721 1132 825 1198 primos
835 1133 887 1194 ire,

80 1198 248 1266 phalangem
258 1203 339 1268 sequi
348 1201 438 1264 iubet3
456 1201 586 1262 Mazaeo,
603 1197 888 1268 quiadinhihendum

79 1267 229 1318 transitum
240 1282 302 1317 cum
312 1283 363 1319 sex
373 1268 496 1320 millibus
508 1270 632 1337 equitum
644 1273 814 1330 occurrerat,
829 1282 887 1320 non

36 1399 39 1404 Ι
80 1349 150 1386 auso
162 1334 484 1399 perieulumsuifaeere.
521 1337 561 1387 13.
580 1335 682 1386 Paucis
701 1334 816 1398 deinde,
830 1351 887 1386 non

80 1401 116 1452 ad
126 1401 258 1468 quietem,
274 1404 325 1454 sed
336 1405 372 1454 ad
381 1403 553 1471 reparandos
566 1405 683 1466 animos,
704 1402 802 1454 diebus
814 1402 887 1454 datis

79 1469 171 1530 militi,
193 1475 305 1525 strenue
326 1469 436 1524 hostem
457 1473 567 1540 insequi
578 1473 680 1538 eoepit,
696 1477 831 1533 metuens,
852 1486 888 1522 ne

78 1538 216 1587 interiora
225 1541 306 1606 regni
320 1541 362 1590 sui
379 1547 497 1608 peteret,
517 1540 731 1607 sequendusque
751 1544 889 1604 essetper

78 1603 143 1655 loca
154 1605 228 1655 omui
239 1607 391 1660 solitudine
402 1615 484 1676 atque
497 1608 594 1675 iuopia
612 1612 699 1658 vasta.
737 1605 778 1656 14.
797 1605 889 1674 Igitur

79 1678 178 1740 quarto
191 1672 236 1725 die
246 1677 466 1741 praeterArbela
475 1681 606 1744 penetrat
615 1675 651 1726 ad
661 1674 778 1741 Tigrim.
811 1675 889 1724 Tota

77 1743 158 1809 regio
170 1741 244 1792 ultra
254 1759 362 1796 amnem
370 1748 479 1796 recenti
488 1744 613 1795 fumabat
623 1740 766 1802 incendio:
783 1741 830 1808 qui
852 1757 887 1809 pe

76 1807 221 1873 Mazaeus,
240 1827 421 1880 quaecunque
433 1813 549 1874 adierat,
565 1809 639 1862 haud
649 1825 731 1861 secus
740 1823 826 1927 poam
833 1757 887 1860 1ο-

78 1878 130 1926 stis
141 1878 248 1929 urebat.
286 1880 327 1931 15.
345 1882 492 1947 deprimo,
504 1880 635 1946 caligine,
648 1892 729 1946 quam
753 1893 833 1928 umus
846 1876 887 1928 ef·

76 1942 200 2008 fuderat,
222 1947 389 1998 obscurante
400 1950 500 2010 lucem,
519 1945 683 1997 insidiarum
697 1950 773 1996 metu
783 1943 887 1996 substi-

76 2012 123 2062 tit:
134 2013 235 2063 deinde
245 2021 277 2064 ut
285 2015 478 2081 speculatores
488 2014 636 2080 praemissi
645 2017 706 2064 tuta
716 2012 810 2064 omnia
817 2029 886 2064 nun·

76 2080 225 2142 tiaverunt,
246 2096 350 2146 paucos
365 2083 490 2148 equitum
504 2081 539 2131 ad
550 2081 713 2132 tentandum
723 2080 824 2131 vadum
835 2079 886 2132 llu-

76 2145 158 2198 minis
169 2149 326 2214 praemisit:
347 2149 426 2200 euius
437 2148 554 2200 altitudo
569 2149 658 2216 primo
670 2162 778 2214 summa
798 2162 886 2216 equo·

52 2225 54 2232 ’
76 2229 137 2264 rum
156 2221 281 2280 pectora,
300 2230 366 2267 mox
378 2222 409 2267 ut
418 2216 446 2266 in
454 2217 576 2268 medium
587 2216 697 2268 alveum
707 2221 820 2267 ventum
830 2222 885 2276 est,

77 2283 201 2331 eervices
213 2297 323 2350 quoque
339 2285 486 2351 aequabat.
522 2283 562 2335 16.
587 2282 647 2336 Nec
667 2299 734 2335 sane
753 2283 826 2334 allus
849 2283 888 2334 ad

78 2348 202 2397 Orientis
212 2349 323 2417 plagam
333 2357 388 2402 tam
399 2352 539 2407 violentus
555 2350 708 2416 invehitur:
732 2351 886 2403 multorum

75 2415 242 2466 torrentium
254 2434 308 2470 non
323 2435 408 2486 aquas
423 2421 528 2482 solum,
549 2420 600 2471 sed
614 2421 697 2471 etiam
708 2433 777 2470 sara
787 2430 885 2470 secum

75 2479 199 2534 trahens.
234 2484 330 2554 ltaque
342 2487 523 2550 aceleritate,
541 2503 596 2555 qua
605 2485 712 2549 defluit,
726 2486 823 2554 Tigris
833 2501 885 2537 no·

76 2566 137 2602 men
150 2551 335 2620 estinditum,
356 2557 421 2626 quia
435 2555 551 2608 Persica
564 2555 604 2606 lin
645 2569 662 2606 a
681 2555 777 2622 tigrim
795 2554 885 2621 sagit·

76 2627 132 2672 tam
142 2621 292 2704 appellant.
316 2625 356 2676 l'l.
371 2625 384 2676 1
406 2625 567 2744 ’ωηίεᾱεε,
577 2639 612 2676 ve
624 2621 808 2676 utdivisusin
820 2635 884 2673 cor-

75 2705 138 2753 nua,
149 2692 319 2746 eneumdato
332 2700 467 2761 equitatu,
490 2693 578 2746 enatis
591 2705 675 2760 super
685 2691 777 2760 capita
784 2690 883 2753 minis,

74 2757 148 2811 haud
160 2775 243 2830 aegre
255 2764 290 2816 ad
300 2765 391 2832 ipsum
407 2763 516 2814 alveum
534 2767 670 2829 penetrat.
708 2760 749 2812 18.
769 2757 884 2812 Primus
