2048 3034
146 158 196 210 208
363 155 531 218 uuiN'ri
566 153 733 207 ctJR'l'll

148 275 192 310 re:
223 265 334 309 eeteros
354 257 542 319 consuetudo,
569 264 668 308 natura
689 258 843 323 potentior,
874 259 957 311 vicit.

122 363 125 370 .
150 326 522 392 Consenserunt,petendum
531 331 742 391 esseae-egeri
752 324 872 440 aliquam
883 327 958 392 ipsis

151 393 317 444 attribueret
331 395 434 444 sedem.
471 396 512 442 22.
532 394 649 443 Centum
669 391 704 442 ad
726 391 780 442 boc
804 393 861 442 ecti
876 401 957 445 sunt:

150 476 221 528 quos
231 461 387 514 Alexander
397 466 482 522 ratus,
488 459 563 526 quod
573 463 632 526 ipse
643 466 786 525 praestare
799 459 958 528 cogitabat,

149 529 298 595 petituros,
318 527 446 589 iumenta,
467 529 566 595 inquit,
586 526 723 591 assignari
737 542 805 593 quae
820 527 957 580 correbe-

150 603 219 658 rent,
240 603 267 648 et
284 595 397 664 singulis
415 597 530 646 oestrum
550 595 619 645 mille
638 594 776 644 denarium
797 595 859 646 dari
877 593 955 646 iussi.

152 661 239 727 Quum
253 662 385 714 redieritis
400 662 429 713 in
440 661 591 723 Graeciam
608 661 765 728 praestabo,
785 677 817 713 ne
830 662 889 728 quis
898 673 955 714 rta-

150 739 206 782 tum
218 745 303 792 ruunt,
323 730 347 780 si
360 729 426 781 baec
443 729 582 782 calamitas
598 727 676 788 ebat,
695 735 782 780 vestm
794 729 956 782 eredatette

149 799 292 850 meliorem.
328 798 369 848 23.
385 798 431 849 liii
442 797 548 848 obortis
558 797 682 847 lacrimis
693 803 796 848 terram
805 798 954 848 intueban-

149 873 203 928 tur,
215 880 265 916 nec
276 871 324 916 aut
334 867 443 932 erigere
457 865 561 926 vultus,
572 871 620 915 aut
629 865 708 930 loqui
718 865 871 915 audebant:
894 873 953 916 tan-

150 933 213 984 dem
228 947 296 999 rege
309 933 440 983 tristitiae
454 947 566 982 causam
582 932 722 999 exigente,
741 932 897 983 Euctemon
917 935 951 984 si-

148 1001 227 1052 milia
248 1001 292 1061 lis,
313 1014 382 1065 quae
398 1000 426 1049 in
442 1000 560 1050 consilio
576 999 695 1060 dixerat',
715 1001 870 1064 respondit.
909 1001 950 1050 24.

147 1070 237 1135 Atque
247 1067 296 1116 ille
307 1081 362 1117 non
373 1065 503 1117 fortunae
514 1067 604 1118 solum
616 1066 778 1128 eorum‚sed
788 1067 873 1118 etiam
885 1083 950 1134 poe·

148 1136 282 1185 nitentiae
302 1133 442 1195 nrisertus,
462 1139 541 1185 terna
559 1134 648 1184 millia
666 1135 810 1186 denarium
829 1136 949 1202 singulis

148 1201 209 1252 dari
220 1201 314 1251 iussit:
336 1201 423 1252 denae
434 1208 527 1252 vestes
538 1201 666 1252 adiectae
677 1209 756 1264 sunt3
777 1209 807 1253 et
824 1210 952 1254 armenta

147 1283 208 1318 eum
220 1267 369 1334 pecoribus
380 1283 412 1318 ac
423 1267 561 1319 frumento
572 1269 651 1332 deta,
671 1276 702 1320 ut
716 1270 772 1320 coli
786 1272 901 1337 serique
912 1277 950 1321 at·

146 1334 267 1385 tributus
277 1335 313 1387 iis
323 1350 391 1402 ager
401 1342 506 1403 posset.

199 1401 243 1454 Vi.
263 1402 382 1455 Postero
399 1404 444 1454 die
463 1411 632 1455 convocatos
649 1405 734 1456 duces
745 1405 891 1470 copiarum
903 1405 950 1455 do·

145 1476 200 1533 cet,
220 1471 326 1523 nullam
341 1470 516 1522 infestiorem
533 1473 629 1524 urbem
640 1472 755 1523 Graecis
771 1485 845 1533 esse,
867 1489 950 1540 quam

145 1539 252 1605 regiam
263 1547 387 1590 veterum
399 1539 523 1590 Persidis
536 1555 642 1606 regum.
668 1541 742 1590 Hine
751 1540 802 1590 illa
812 1541 951 1590 immensa

144 1607 259 1674 agmina
271 1607 378 1672 iniusa3
398 1606 462 1658 hinc
477 1606 592 1659 Darium
608 1608 693 1675 prius,
713 1607 814 1658 deinde
824 1605 950 1658 Xerxem
1019 1625 1020 1642 ¹

144 1673 274 1742 Europae
294 1677 407 1742 impium
426 1677 554 1727 intulisse
577 1675 690 1726 bellum.
727 1675 846 1726 Excidio
873 1676 950 1726 illius
1019 1707 1020 1710 =

164 1744 346 1796 arentaudum
366 1759 428 1796 esse
448 1745 610 1795 maioribus.
649 1745 674 1794 2.
692 1742 748 1793 lam
770 1756 804 1793 ue
825 1740 950 1804 barbari,

144 1759 261 1864 iescrto
273 1814 385 1880 oppido,
398 1829 451 1880 qua
463 1826 600 1880 quemque
610 1816 700 1861 metus
712 1758 951 1878 agibutdiffuge-
978 1807 988 1901 p
1012 1860 1016 1897 ι

144 1888 219 1942 runt,
249 1897 331 1948 quunr
352 1896 402 1931 rex
421 1878 585 1946 phalangem
605 1879 644 1929 nil
665 1883 809 1929 cunctatus
829 1878 950 1930 inducit.
985 1904 989 1917 ι

143 1945 249 1998 Multas
260 1949 351 2007 urbes,
362 1946 483 1998 refertas
494 1947 638 2012 opulentia
647 1947 727 2014 regia
734 1983 742 2009 ,
753 1947 853 2011 partim
865 1961 951 2013 expu-
986 1920 997 2043 l
1017 1975 1018 1978 =

166 2021 253 2076 naret,
275 2014 417 2080 partimin
436 2014 518 2064 fidem
533 2020 691 2082 acceperat3
713 2014 762 2064 sed
778 2014 856 2064 urbis
867 2011 952 2064 huius
999 2048 1002 2061 .
1018 1983 1019 2076 l

143 2029 260 2132 livitiue
275 2082 368 2131 vicere
384 2082 544 2146 praeterita.
580 2082 604 2132 8.
623 2082 654 2132 ln
668 2080 740 2133 banc
755 2082 845 2132 totius
857 2079 951 2132 Persi·
994 2083 1019 2177 p*

144 2149 189 2199 dis
200 2163 268 2215 opes
280 2156 481 2214 congesserant
490 2149 617 2200 barbari:
637 2163 734 2201 aurum
746 2156 951 2216 argentumque

145 2216 313 2266 cumulatum
324 2221 393 2276 erat,
414 2217 501 2267 restis
511 2217 611 2284 ingens
623 2218 733 2279 modus,
755 2216 884 2283 supellex
895 2231 952 2267 non

143 2282 180 2331 ad
191 2298 269 2332 usum
282 2280 411 2350 [modo],
432 2284 481 2334 sed
496 2285 530 2336 ad
546 2279 763 2338 ostentationem
777 2287 859 2336 luxus
875 2299 952 2336 com·

142 2355 250 2465 parata.
284 2350 310 2400 4.
330 2349 425 2418 ltaque
440 2353 600 2420 interipsos
613 2351 822 2405 rictoresierro
834 2352 952 2404 dimica·

164 2422 241 2477 atur3
261 2432 312 2483 pro
322 2417 404 2470 hoste
417 2427 486 2483 erat,
497 2423 543 2486 qui
554 2421 750 2488 pretiosiorem
763 2427 954 2488 occupaverat

142 2483 288 2550 praedam:
309 2493 338 2537 et
348 2503 430 2553 quum
441 2489 546 2550 omnia,
558 2505 628 2556 quae
639 2490 826 2556 recipiebant,
847 2502 951 2554 capere

143 2566 199 2601 non
213 2561 340 2619 possent3
360 2555 415 2606 iam
429 2571 474 2608 res
490 2571 545 2607 non
561 2558 777 2622 occupabantur,
797 2555 849 2607 sed
864 2557 951 2607 aesti-

143 2620 298 2674 mabantur.
333 2624 358 2674 b.
379 2623 554 2675 Lacerabant
562 2626 657 2692 regias
668 2631 772 2686 vestes,
784 2624 862 2674 adse
874 2624 952 2690 quis-

144 2705 198 2756 que
208 2698 316 2758 partem
326 2690 485 2743 trahentesr
507 2691 631 2744 dolabris
642 2692 783 2760 pretiosae
795 2692 864 2742 artis
883 2707 953 2743 rasa
