2054 3030
275 143 420 196 LIBER
446 145 492 195 111.
522 146 616 197 cAP.
635 149 659 196 2.
824 147 880 198 ,10⁹

65 244 150 296 nibus
181 236 348 314 levibusque
367 247 467 308 scutis,
496 253 589 298 cetrae
615 247 733 300 maxime
754 251 877 315 speeiem

63 311 263 364 reddentibus:
303 315 407 367 editum
424 315 522 365 decem
538 313 628 364 millia
641 315 703 379 pari
716 321 877 368 armature·

66 377 236 444 quebantur.
290 419 297 432 .
314 381 439 434 Armenii
451 381 636 449 quadraginta
644 381 732 432 millia
741 385 877 435 miserant

62 445 207 511 peditum,
218 448 320 500 additis
330 455 436 516 septem
446 448 570 501 millibus
581 448 713 514 equitum.
748 451 873 517 Hyrcani

62 527 83 563 e
120 514 188 580 egii,
198 523 229 565 ut
237 516 312 566 inter
321 517 385 568 illas
396 522 509 583 gentes,
526 530 577 568 sex
586 515 675 566 millia
686 517 873 582 expleverant,

62 595 82 630 a
104 580 172 631 ditis
197 583 335 650 equitibus
354 584 517 634 militatura.
556 585 581 632 7.
600 581 738 634 Derbices
758 585 873 650 quadra-

60 647 146 764 finta
159 649 247 700 millia
260 651 386 717 peditum
400 656 586 702 armaverant:
606 649 732 717 pluribus
747 665 814 700 aere
827 658 875 702 aut

75 729 143 766 erro
159 718 300 782 praefixae
314 716 428 781 hastee3
447 719 560 833 (fluidam
574 717 681 783 lignum
690 717 751 783 igni
760 717 875 768 durare·
906 773 908 778 ,

59 787 137 832 rant
160 783 221 835 Hos
234 800 345 853 quoque
355 786 410 835 duo
422 785 459 834 mi
473 784 512 834 lia
522 784 645 851 equitum
657 798 692 834 ex
702 785 799 836 eadem
810 799 876 850 gen·

58 855 95 900 te
116 851 251 903 comitata
267 857 340 904 sunt.
376 851 401 902 8.
419 853 443 902 A
460 853 561 916 Caspio
581 853 651 902 mari
673 857 737 902 octo
757 851 875 902 millium

57 915 197 984 pedester
208 919 350 970 exercitus
360 924 489 969 venerate
509 919 621 968 ducenti
636 920 743 985 equites
758 916 875 969 cumbis

58 992 155 1036 erant.
190 985 203 1034 l
225 985 336 1037 nobiles
356 985 429 1036 eliae
446 991 545 1052 gentes
567 987 623 1036 duo
637 986 726 1037 millia
739 986 874 1052 peditum,

57 1052 192 1117 equitum
203 1001 342 1119 duplicem
355 1059 520 1119 paraverant
529 1068 682 1104 numerum.
718 1054 742 1105 9.
763 1054 815 1103 His
827 1068 874 1102 co·

55 1121 117 1187 piis
141 1118 259 1186 triginta
277 1119 366 1170 millia
385 1119 555 1172 Graecorum
574 1123 703 1174 mercede
724 1122 872 1182 conducta,

57 1187 200 1254 egregiae
211 1186 373 1249 inventutis,
388 1188 498 1240 adiecta
507 1194 580 1240 sunt.
615 1188 686 1242 Nam
697 1189 872 1250 Bactrianos,

57 1261 90 1305 et
102 1252 275 1320 Sogdianos,
286 1261 315 1306 et
324 1255 417 1319 indos,
432 1262 598 1324 ceterosque
609 1257 688 1308 rubri
696 1258 781 1307 maris
791 1272 872 1307 acco·

55 1321 113 1382 ias,
125 1321 225 1387 ignote
235 1323 319 1374 etiam
331 1323 386 1390 ipsi
416 1325 520 1375 entium
530 1325 871 1392 nominaiestinetiopro-

55 1387 180 1440 bibebat
189 1390 283 1442 acciri.
319 1392 361 1442 10.
407 1405 439 1444 ee
455 1392 602 1459 quicquam
616 1392 659 1444 illi
673 1393 774 1455 minus,
789 1407 872 1459 quam

53 1455 212 1508 multitudo
222 1458 351 1520 militum,
367 1458 464 1510 defuit.
502 1461 586 1512 Cuius
599 1465 657 1511 tum
667 1461 814 1512 universae
825 1460 871 1509 ad-

56 1528 161 1590 spectu
181 1525 329 1576 admodum
350 1527 451 1589 laetus,
470 1529 630 1594 purpuratis
644 1527 729 1578 solita
747 1529 870 1578 vanitate

55 1605 142 1658 spem
165 1593 224 1643 eius
245 1592 419 1656 inflantibus,
440 1609 591 1647 conversus
617 1595 654 1646 ad
676 1593 872 1646 Charidemum

56 1656 268 1722 Atheniensem,
286 1660 356 1711 belli
365 1661 495 1726 peritum,
515 1670 544 1712 et
553 1661 589 1712 ob
600 1661 729 1714 exsilium
738 1660 872 1712 infestum

54 1725 235 1790 Alexandro,
256 1726 495 1793 (quippeAthenis
504 1727 618 1779 iubente
630 1743 664 1778 eo
674 1727 768 1778 fuerat
777 1727 872 1792 expul-

55 1793 134 1855 sua)
145 1795 306 1859 percontari
322 1809 373 1846 coe
393 1797 428 1856 it,
450 1797 556 1845 satisne
573 1795 600 1844 ei
612 1794 756 1844 videretur
769 1794 872 1855 instru7
927 1825 929 1834 ι

56 1868 124 1912 ctus
135 1862 170 1911 ad
182 1862 364 1914 obterendum
376 1811 502 1914 bostem?
523 1864 562 1912 ll.
575 1862 611 1912 At
619 1861 678 1924 ille,
694 1866 723 1911 et
733 1874 801 1912 suae
812 1873 871 1910 sor-

55 1932 98 1980 tis
110 1934 141 1978 et
153 1930 249 1996 regiae
264 1930 412 1997 superbiae
426 1929 543 1992 oblitus,
567 1927 674 1991 Verum,
692 1929 791 1995 inquit,
806 1933 872 1978 ettu

54 1996 161 2064 forsan
172 1997 264 2048 audire
275 1997 357 2049 nolis.-
378 2006 406 2050 et
414 2013 475 2065 ego,
493 1995 546 2050 nisi
554 2010 625 2048 nune
634 1996 736 2059 dicere,
747 1995 816 2046 aliar
827 2010 871 2044 ne·

58 2062 209 2181 quidluam
219 2065 376 2134 confitebor.
413 2067 453 2116 12.
469 2064 525 2118 Hic
534 2064 606 2117 tenti
614 2072 760 2133 apparetur
772 2059 871 2112 exerei-

57 2142 112 2192 tus,
146 2146 194 2182 aee
206 2140 252 2183 eet
261 2132 385 2212 gentium
400 2139 426 2185 et
444 2132 526 2185 totius
538 2131 657 2185 Orientis
669 2131 757 2183 exeita
767 2127 870 2180 cedibus

56 2199 115 2250 suis
125 2198 339 2268 moleeflmtimie
349 2199 498 2267 wicpoteet
505 2218 561 2253 me
573 2199 714 2252 terribilis:
728 2196 869 2262 nitetpur-

52 2282 131 2335 pure
141 2282 271 2334 auroque,
280 2267 375 2338 fulget
389 2269 471 2319 erenei
487 2277 513 2318 et
522 2267 666 2336 opolentia,
687 2272 815 2333 quantem
825 2263 872 2330 qui

57 2333 146 2386 omlis
156 2350 209 2385 nen
219 2335 361 2398 subiecere,
374 2334 469 2387 animis
483 2334 622 2402 concipere
633 2340 813 2400 neoporeuut.
826 2331 867 2381 13.

56 2402 114 2453 Sed
129 2398 305 2454 Macedonum
320 2403 402 2465 acies,
423 2412 500 2455 terve
515 2419 579 2454 sene
599 2409 627 2452 et
642 2399 752 2464 inculta,
772 2398 868 2468 clypeis

56 2467 199 2536 leuiterque
207 2469 353 2522 immobiles
363 2487 458 2522 euneos
470 2479 496 2521 et
505 2477 630 2523 conserta
640 2468 739 2520 robore
748 2467 867 2520 virorem

57 2546 82 2590 te
110 2537 136 2587 't
176 2535 233 2605 Ipsi
237 2537 403 2606 pbalangem
416 2546 521 2600 vocent,
527 2537 648 2604 peditum
658 2535 751 2588 stabile
760 2548 866 2604 agmen·

83 2617 113 2656 'er
131 2603 200 2667 viro,
217 2605 299 2657 armis
317 2621 394 2658 enne
415 2612 537 2657 comerio
556 2604 683 2656 suntsed
700 2611 791 2655 numm
812 2615 868 2650 me·

56 2672 145 2724 nentis
156 2672 266 2736 intenti,
291 2672 475 2767 eequi‘rigne,
497 2673 601 2724 ordines
620 2686 726 2724 terrere
745 2669 869 2722 didicere.
