2082 3042
308 219 456 272 LIBER
482 219 568 271 Vlll.
597 221 693 273 cAP.
722 211 762 274 13‘.
893 225 943 276 343

133 325 210 376 viros
231 327 344 389 poterat
362 321 544 373 abscondere.
580 321 622 388 18.
640 319 729 388 Igitur
744 331 775 374 ut
786 326 944 377 acustcdia

134 390 218 441 huius
229 390 447 457 opportunitatis
459 388 558 440 oculos
569 384 693 438 hostium
703 398 854 454 averreret,
875 392 942 445 Pto·

133 459 271 511 lenaeum
285 472 346 507 cum
362 457 489 508 omrribus
503 456 602 507 turmis
614 455 777 522 obequitare
786 459 868 511 iussit
877 477 942 528 pro·
1035 477 1036 482 ¹

135 525 182 576 cul
192 524 227 574 ab
237 525 339 587 insula,
351 530 380 575 et
389 523 507 574 subinde
517 523 601 574 Indos
613 523 735 575 clamore
746 530 861 589 terrere,
874 544 941 594 qua·

134 593 159 643 si
172 590 274 642 flumen
287 597 448 643 tranaturus
463 590 546 656 foret.
584 590 624 643 19.
644 589 700 640 Per
710 592 867 657 complures
879 595 939 647 dies

134 659 312 711 Ptolemaeus
327 658 358 710 id
371 658 453 722 fecit3
473 672 563 724 eoque
582 657 701 708 consilio
712 657 817 710 Porum
829 675 940 728 quoque

134 741 234 794 agmen
244 742 325 778 suum
336 727 363 778 ei
372 727 455 792 parti,
467 740 548 791 quam
558 730 696 791 repetere
707 724 865 788 simulabat,
878 732 940 778 ccd-

133 797 176 862 git
187 794 343 846 advertere.
380 793 438 843 lam
454 798 534 844 extra
548 797 729 859 conspectum
743 791 834 844 hostis
849 793 941 846 insula

131 869 202 914 erat.
240 865 282 912 it).
301 858 460 914 Alexander
477 859 507 910 in
526 859 637 910 diversa
655 866 735 926 parte
754 861 833 928 ripae
855 863 941 912 statui
1027 895 1036 902 s

133 929 217 980 suum·
231 927 443 980 tabernaculum
462 927 560 989 iussit,
591 926 791 995 adsuetamque
812 929 942 980 comitari

131 999 224 1062 ipsum
251 993 307 1050 cols
323 1001 397 1047 rtem
421 999 485 1045 aute
511 995 542 1044 id
565 994 775 1047 tabernaculrun
795 1003 883 1056 stare3
913 1003 941 1047 et

134 1077 245 1114 omnem
264 1069 425 1128 apparatum
442 1063 540 1128 regiae
559 1059 797 1129 magnificentiae,
817 1061 941 1114 hostium

130 1130 224 1182 *oculis
234 1130 270 1180 de
282 1129 421 1180 industria
434 1130 565 1182 ostendit.
601 1133 643 1179 21.
654 1129 789 1194 Attalum,
801 1136 830 1182 et
839 1145 940 1199 aequa·

131 1197 188 1248 lem
207 1198 271 1260 sibi,
290 1204 319 1248 et
338 1195 412 1248 haud
426 1198 565 1264 disparem
579 1195 676 1248 habitu
690 1198 747 1249 oris
761 1203 792 1250 et
802 1199 940 1264 corporis,

131 1266 228 1330 utique
245 1281 327 1332 quum
342 1265 441 1331 procul
450 1267 601 1328 viseretur,
622 1271 701 1317 veste
715 1267 797 1333 regia
812 1272 940 1330 exornat,

131 1333 321 1400 praebiturum
336 1335 471 1399 speciem,
487 1335 579 1399 ipsum
589 1348 685 1400 regem
693 1333 737 1384 illi
745 1337 823 1400 ripae
833 1335 939 1402 praesi-

130 1401 207 1463 dere,
217 1415 269 1451 nec
280 1402 388 1468 agitare
401 1403 435 1453 de
445 1402 573 1453 transitu.
609 1403 651 1451 22.
670 1401 762 1452 Huius
773 1402 886 1454 consilii
897 1400 937 1453 ef-

129 1467 234 1520 fectum
245 1470 334 1534 primo
345 1474 455 1518 morata
463 1473 615 1532 tempestas
626 1476 679 1530 est,
689 1483 756 1519 mox
767 1469 885 1530 adiuvit,
896 1470 937 1520 in·

131 1536 278 1586 commoda
300 1549 411 1602 quoque
426 1535 462 1584 ad
475 1535 567 1586 bonos
583 1541 700 1584 eventus
710 1542 837 1586 vertente
849 1535 938 1588 fortu-

130 1617 175 1652 na.
211 1603 253 1653 23.
273 1601 417 1652 Traiicere
433 1611 543 1652 arnnem
556 1616 619 1650 cum
633 1601 735 1650 ceteris
751 1601 841 1666 copiis
853 1604 884 1651 in
893 1616 937 1654 re·

131 1671 245 1736 giouem
262 1668 381 1730 insulae,
401 1668 436 1718 de
454 1683 510 1734 qua
528 1672 592 1717 ante
612 1667 787 1729 dictumest,
829 1666 937 1733 arabat,
971 1675 977 1688 “

131 1750 230 1787 euerso
245 1734 327 1786 hoste
343 1737 373 1784 in
390 1750 449 1796 eos,
470 1733 516 1800 qui
527 1749 588 1784 cum
598 1732 762 1785 Ptolemaeo
773 1684 938 1786 inferiorem

131 1803 301 1854 obsederant
320 1803 421 1869 ripam3
460 1817 524 1852 uum
543 1800 667 1868 procella
684 1800 801 1850 imbrem
819 1802 867 1854 rix
885 1803 936 1854 sub
1035 1839 1036 1844 =

129 1873 214 1922 tectis
229 1871 407 1922 tolerabilem
416 1817 524 1920 effudit.
562 1868 717 1934 Obrutique
728 1866 832 1918 milites
842 1869 936 1921 nimbo

129 1943 276 1990 interram
291 1938 469 2006 refugerunt,
488 1936 609 2003 navigiis
624 1935 787 2002 ratibusque
807 1935 936 1988 desertis.

131 2007 188 2058 Sed
198 2007 425 2058 tumultuantium
435 2004 577 2065 fremitus,
598 2002 825 2070 obstrepentibus
835 2003 936 2066 ventis,

130 2077 164 2126 ab
185 2072 267 2124 hoste
282 2088 337 2124 non
353 2079 465 2139 poteret
478 2071 577 2123 audiri.
613 2071 656 2123 24.
673 2069 783 2122 Deinde
794 2076 935 2122 momento

129 2141 263 2206 temporis
272 2155 420 2205 repressus
430 2145 475 2191 est
484 2139 585 2202 imber;
606 2144 730 2190 ceterum
743 2138 815 2190 adeo
828 2137 936 2204 spissae

126 2209 274 2260 intendere
286 2221 316 2258 se
328 2207 425 2270 nubes,
443 2213 474 2257 ut
484 2206 637 2258 conderent
647 2207 747 2268 lucem,
766 2206 867 2272 vixque
878 2205 936 2256 col-

128 2272 780 2344 loquentiuminteripsosfaciesnoscitaretur.
816 2274 935 2325 25.Ter-
1035 2337 1036 2340 Ἴ

130 2345 234 2396 ruisset
244 2344 329 2394 alium
341 2341 464 2394 obducta
474 2355 530 2394 nox
540 2340 631 2404 coelo,
651 2355 735 2407 quum
744 2341 842 2408 ignoto
854 2356 935 2393 amne

126 2411 316 2477 navigandum
326 2416 411 2471 esset,
430 2407 550 2460 forsitan
564 2407 646 2460 hoste
660 2421 721 2459 eam
734 2409 823 2476 ipsam
835 2410 935 2476 ripam,

131 2493 213 2544 quam
223 2481 300 2530 caeci
309 2475 565 2545 atqua-improvidi,
584 2481 614 2526 et
627 2489 662 2528 ex
678 2476 803 2542 periculo
815 2476 936 2544 gloriam

126 2554 306 2598 arcessentes
316 2545 456 2613 petebant,
468 2548 630 2610 occupante.
666 2544 707 2596 ld.
720 2543 934 2605 Obscuritatem,

128 2627 201 2680 qraae
211 2621 322 2665 ceteros
332 2613 465 2674 terrebat,
487 2626 565 2662 suam
577 2611 755 2664 occasionem
764 2617 852 2674 ratus,
869 2609 935 2662 dato

130 2682 223 2749 signo,
244 2687 275 2732 ut
285 2695 381 2732 omnes
392 2679 505 2732 silentio
516 2679 739 2731 ascenderentin
749 2685 840 2740 rates,
864 2691 935 2741 eam,-

125 2763 186 2816 qua
195 2749 256 2814 ipse
267 2746 432 2812 vellebatur,
453 2749 569 2815 primam
579 2748 663 2800 iussit
673 2747 786 2814 expelli.
822 2747 864 2797 27.
882 2745 935 2821 Va·
