2054 3030
152 123 187 176 ra
337 121 766 174 runuu.raa1usuanrr
855 99 858 110 '

151 224 234 275 Asiae
245 221 329 280 urbes
340 238 421 274 unam
437 222 568 290 eligendi.
605 224 679 285 Cius,
702 223 797 285 Elaea,
817 223 967 290 Mylasea-

152 305 205 357 que
217 297 245 341 et
255 289 312 340 Ger
328 288 398 341 etho
408 290 500 341 fuere:
520 291 631 358 quidam
650 291 748 341 ultimo
766 291 831 341 locu
853 292 968 345 Patara

151 305 331 436 nominant}
337 360 378 406 21.
398 360 432 409 At
445 359 493 408 ille
508 356 579 407 nihil
594 357 691 408 horum
707 359 827 423 accepit:
847 360 909 421 sed,
925 377 965 412 ne

150 424 220 474 tanti
234 425 311 490 regis
326 427 475 475 amicitiam
488 425 634 475 fastidiose
651 427 789 491 sprevisse
803 427 963 491 videretur,

151 492 241 556 petiit,
253 499 283 542 ut
292 491 490 543 Echecratides
504 492 639 557 sophista,
651 499 680 542 et
692 491 894 544 Athenodorus
906 495 962 545 lm-

151 558 236 619 brins,
259 575 320 610 eum
334 558 485 611 Demarato
506 570 534 610 et
554 557 690 624 Spartane
710 558 838 623 Rhodiis,
859 563 906 626 qui
929 564 961 612 in
1013 581 1014 588 ¹

152 640 215 676 arce
238 625 374 677 Sardiaua
393 627 493 692 captivi
511 627 689 688 tenebantur,
709 626 837 685 custodia
852 627 961 680 libera·
1013 637 1014 672 l

150 700 254 743 rentur.
290 696 332 744 22.
357 694 412 746 Sed
424 693 493 744 haec
503 695 531 743 in
543 707 661 760 sequens
674 701 782 760 tempus
793 709 959 748 excurrere.

150 762 220 810 Tum
231 760 266 811 ad
276 759 416 827 Ephesum
424 763 493 812 itunr
506 767 557 822 est,
569 776 650 827 quam
660 768 775 828 accepto
788 761 877 812 cladis
889 763 959 814 Per-

149 829 224 878 sicae
236 829 332 879 nuntio
348 829 524 892 praesidiarii
536 827 726 889 deseruerant,
747 827 854 880 duabus
863 829 958 896 Ephe·
1013 873 1014 888 ,

149 897 254 946 siurum
274 895 432 946 triremibus
445 896 544 945 avecti.
579 895 648 946 Erat
664 897 737 946 inter
758 911 807 946 eos
819 899 958 963 Amyntas
1013 891 1014 920 ¹

148 960 278 1012 Antiochi
292 961 378 1023 lilius,
399 963 491 1028 quiex
504 962 858 1030 Macedoniapruiugerat,
877 966 957 1016 nulla
1013 1011 1014 1014 ,

149 1029 261 1096 quidem
276 1027 379 1078 iniuria
394 1026 524 1091 affectus,
539 1029 588 1079 sed
605 1030 679 1095 quod
694 1030 846 1096 periculum
859 1047 957 1100 arege

148 1102 301 1148 metueret:
321 1109 402 1160 quern
416 1096 480 1160 quia
495 1097 614 1146 inrisum
634 1112 804 1164 exosumque
821 1097 956 1162 babebat,

147 1163 224 1212 illius
236 1162 355 1211 animum
370 1175 404 1212 ex
414 1177 465 1213 suo
480 1163 656 1215 metiebatur.
692 1167 733 1216 23.
754 1165 861 1226 Quarto
876 1175 955 1234 post-

149 1244 229 1294 quam
244 1226 376 1280 Sardibus
394 1229 528 1281 movisset
545 1230 590 1281 die
609 1231 748 1299 Ephesum
767 1234 879 1284 introiit
893 1236 956 1286 Ale·

147 1295 267 1358 xander3
279 1297 471 1363 restitutisque
483 1299 634 1362 exsulibus,
647 1301 693 1367 qui
703 1315 855 1367 paucorum
865 1302 958 1353 domi-

148 1364 261 1414 natione
276 1363 350 1429 pulsi
367 1363 486 1428 lucrant,
506 1367 702 1434 rempublicam
712 1368 816 1434 pupule
826 1370 958 1420 tradidit.
1013 1363 1014 1434 ζ

148 1431 198 1480 llle
209 1431 347 1482 libertatis
359 1430 405 1482 diu
418 1433 592 1485 desideratae
603 1451 729 1502 compos,
751 1451 816 1497 eus,
837 1437 884 1502 qui
895 1437 957 1487 Me-

147 1512 275 1548 mnonem
287 1499 507 1564 admonuissent,
518 1504 620 1570 quique
631 1503 760 1570 templum
770 1502 878 1554 Dianae
890 1519 957 1570 spu·

147 1566 273 1628 liassent,
293 1566 375 1633 inque
391 1583 426 1618 eo
437 1567 559 1637 Philippi
575 1577 694 1622 statuam
706 1571 884 1632 deiecissent,
906 1580 958 1623 aut

147 1633 308 1700 Herupytbi
318 1644 523 1688 monumentum
535 1637 708 1699 effudissent,
721 1638 795 1704 quod
805 1638 957 1690 liberatori

148 1703 270 1753 civitatis
289 1703 318 1753 in
335 1701 399 1754 fora
414 1705 535 1771 positum
552 1705 651 1770 iuerat,
670 1707 706 1757 ad
722 1705 887 1772 supplicium
903 1722 956 1772 po·

147 1771 209 1821 scit.
244 1770 286 1821 21.
307 1772 350 1824 Ex
368 1774 467 1839 quibus
484 1773 610 1840 Pelagon
627 1789 687 1824 cum
705 1772 792 1823 fratre
807 1771 954 1839 Syrpbace

148 1847 176 1888 et
191 1839 374 1904 patruelibus,
398 1841 503 1906 exipsa
517 1843 595 1901 aede,
614 1841 642 1890 in
657 1855 739 1907 quam
755 1840 954 1908 confugerant,

146 1907 219 1972 rapti
237 1912 309 1969 sunt,
332 1908 479 1971 statimque
499 1906 637 1972 lapidibus
658 1908 759 1957 obruti.
796 1908 908 1974 Iamque
924 1910 955 1958 in

148 1973 249 2023 caedes
260 1981 289 2023 et
298 1973 414 2024 iniurias
425 1975 531 2036 ibatur3
550 1989 632 2039 quum
645 1973 811 2036 Alexander,
831 1975 955 2026 inhibita

146 2041 223 2107 vulgi
247 2040 369 2100 licentia,
391 2040 507 2089 ulterius
527 2054 560 2089 eo
581 2041 749 2108 denegatio
769 2043 882 2108 inquiri,
902 2049 956 2092 aut

147 2110 247 2174 cuique
257 2107 412 2158 molestiam
430 2104 555 2158 exhiberi
575 2109 673 2159 vetuit.
708 2108 739 2159 ld
759 2111 871 2176 optimis
891 2111 955 2174 qui-
1013 2159 1014 2164 ,

146 2175 253 2241 busque
275 2175 358 2226 saluti
373 2173 435 2234 fuit,
457 2189 526 2240 quos
540 2189 590 2241 per
604 2190 714 2226 causam
724 2179 782 2228 veri
794 2177 886 2227 iictive
898 2178 956 2226 cri-

96 2275 97 2278 *
147 2244 241 2303 minis,
265 2245 390 2308 ipsorum
404 2242 525 2314 dignitas
541 2249 589 2292 aut
607 2244 762 2309 opulentia,
783 2242 956 2310 furibundae

148 2309 238 2372 plebis
249 2310 321 2360 odiis
336 2311 525 2376 avaritiaeque
537 2309 696 2361 obiecisset.
732 2311 773 2361 25.
793 2311 868 2360 luter
881 2308 956 2360 baec

147 2375 293 2438 Magnetes
305 2382 334 2426 et
343 2377 478 2427 Tralliani
489 2377 599 2443 legatos
610 2381 730 2439 mittunt,
749 2379 895 2444 imperium
906 2391 955 2427 ac-

148 2441 263 2506 cepturi.
298 2441 340 2493 Eo
349 2443 536 2495 Parmenione
547 2459 608 2495 cum
619 2445 738 2512 quinque
756 2445 880 2513 peditum
890 2444 954 2493 mil-

146 2507 229 2569 libus,
251 2509 445 2625 eqpitibusque
465 2511 592 2562 ducentis
612 2514 654 2564 ire
672 2515 760 2574 iusso,
782 2511 953 2563 Alcimalum

147 2576 276 2643 cumpar'
298 2593 331 2626 us
342 2576 402 2629 iere
414 2579 502 2645 capiis
517 2579 619 2630 circum
634 2580 764 2631 Aeolicas
782 2580 953 2645 Ionicasque

148 2643 258 2695 Persici
272 2643 342 2695 iuris
360 2645 443 2698 urbes
462 2646 555 2698 mittit.
592 2647 632 2699 26.
652 2647 768 2714 Utrique
786 2648 957 2704 iniunctum,
