2048 3034
121 206 172 256 22⁰
341 199 512 262 QUINTI
540 199 704 252 CUR'l'll

123 297 282 360 credebant,
302 296 374 350 baud
388 287 442 348 rati
457 313 488 349 se
499 296 608 348 futuros
620 312 709 364 pares.
744 294 845 362 Ingens
856 307 931 361 ergo

120 369 151 416 iu
160 365 341 416 tabernaculo
354 365 477 416 solitudo
487 371 555 426 erat,
568 365 662 430 paucis
673 363 931 429 spadonibus,quia
1012 377 1013 380 ’

122 448 178 500 quo
195 430 373 484 discederent
384 447 440 482 non
454 431 608 492 habebant,
630 429 874 482 circumstantibus
884 443 930 480 re-

122 515 195 568 gem.
217 501 272 550 ie.
291 501 327 550 At
341 500 398 560 ille,
420 503 537 550 remotis
553 500 675 560 arbitris,
696 497 744 548 diu
754 496 831 548 aliud
842 504 930 562 atque

122 568 200 618 aliud
214 568 362 618 consilium
377 566 469 617 animo
484 567 637 618 volutabat.
673 565 785 630 lamque
796 563 929 614 solitudi-

121 651 196 698 nem,
206 650 287 701 quam
298 635 381 701 paulo
392 640 456 685 ante
467 649 517 702 pro
528 635 630 684 solatio
641 634 788 699 petiverat,
796 644 930 696 perosus,

121 703 262 755 Bubacem
274 703 368 752 vocari
381 702 468 754 iubet.
505 704 544 751 ll.
566 702 653 762 Quem
673 701 795 762 intuens,
813 697 866 760 Ite,
886 700 933 748 iu·
1012 701 1013 704 ’

123 772 193 838 quit,
215 769 342 821 consulite
352 768 433 830 cobis,
454 768 617 819 adnitimum
628 767 793 835 regimme,
809 773 842 815 ut
853 765 928 816 dece·

123 837 179 900 tac,
190 835 250 904 fide
268 836 395 888 exhibita.
432 836 496 904 Ego
511 835 555 887 dic
567 837 651 903 legem
657 833 719 904 fati
732 833 785 884 mei
794 841 928 900 exspecto.

121 903 254 957 Forsitan
264 903 380 965 mireris,
393 905 465 970 quod
473 904 554 954 citam
564 901 739 970 apostatam?
749 900 837 951 abeno
847 901 927 951 scele-

122 990 162 1035 re,
173 988 252 1039 quam
261 987 328 1033 meo,
339 970 411 1021 mori
420 973 498 1021 malo.
517 973 557 1021 12.
570 970 640 1022 Post
650 969 720 1020 hanc
729 983 828 1018 rocem
839 969 932 1034 spado

123 1043 230 1108 gemitu
249 1055 304 1090 non
322 1038 405 1090 modo
426 1039 642 1098 tabernaculum,
662 1037 815 1088 sedetiam
836 1043 931 1086 castra

123 1107 283 1172 complevit.
317 1105 445 1171 lrrupere
456 1105 556 1156 deinde
568 1105 625 1166 alii,
645 1105 832 1171 laceratisque
842 1104 929 1154 vesti-

121 1175 184 1235 bus,
190 1173 301 1240 lugubri
313 1178 342 1222 et
350 1172 470 1222 barbaro
480 1173 588 1223 ululatu
598 1187 693 1239 regem
703 1172 854 1236 deplorare
864 1184 931 1222 coe-

121 1247 231 1309 perunt.
268 1240 308 1290 13.
328 1238 443 1302 Persae,
464 1241 497 1290 ad
508 1240 574 1291 illos
586 1239 841 1305 clamoreperlato,
857 1246 931 1289 atto·
1012 1287 1013 1290 ,

123 1309 173 1364 niti
185 1311 269 1368 metu,
290 1321 341 1358 neo
351 1322 427 1357 arma
438 1321 547 1372 capere,
564 1321 597 1357 ne
608 1309 637 1356 in
646 1307 812 1358 Bactrianos
821 1307 931 1357 incide·
1012 1315 1013 1350 l

122 1382 195 1436 rent,
213 1389 265 1426 nec
276 1375 421 1440 quiescere
433 1373 580 1436 audebant,
601 1389 634 1424 ne
648 1375 732 1442 impie
743 1375 876 1424 deserere
887 1389 932 1424 re·

123 1457 186 1510 gem
197 1442 365 1493 viderentur.
403 1441 444 1492 ll.
455 1441 556 1494 Varius
567 1457 599 1492 ac
610 1443 740 1492 dissonus
750 1441 858 1491 clamor
868 1443 931 1492 siue
1012 1435 1013 1502 ζ

123 1511 195 1561 duce
205 1525 238 1559 ac
248 1509 308 1566 siue
319 1510 436 1575 imperio
448 1510 514 1561 totis
526 1511 626 1561 castris
641 1509 825 1560 referebatur.
864 1508 932 1560 Bes-

125 1593 157 1629 so
169 1586 198 1628 et
207 1577 364 1629 Nabarzani
374 1579 568 1628 nuntiaverant
578 1577 631 1639 sui,
642 1593 737 1644 regem
749 1592 766 1626 a
775 1578 931 1644 semetipso

122 1647 399 1711 interemptumesse.
422 1645 554 1698 Planctus
567 1660 615 1696 eos
628 1645 785 1712 deceperat.
823 1645 863 1694 15.
875 1645 932 1695 lta
1012 1673 1013 1702 2

124 1729 178 1781 que
192 1714 285 1765 citatis
300 1715 378 1781 equis
395 1712 535 1774 advolant,
557 1713 736 1779 sequentibus
751 1726 822 1777 quos
834 1712 870 1762 ad
880 1715 931 1762 ml·
1012 1717 1013 1746 l

124 1781 268 1833 nisterium
288 1781 404 1833 sceleris
424 1781 601 1848 delegerant;
622 1788 651 1831 et
665 1797 747 1847 quum
765 1778 931 1830 tabernacu-

122 1850 180 1901 lum
198 1853 360 1911 intrassent,
379 1850 444 1916 quia
456 1865 552 1916 regem
565 1848 659 1898 vivere
675 1848 813 1915 spadones
823 1847 932 1897 indica·
1012 1853 1013 1890 l

122 1916 201 1979 bant,
221 1932 282 1968 eom
303 1916 419 1968 rehendi
439 1917 591 1982 vincirique
612 1917 761 1967 iusserunt.
799 1915 839 1966 lt.
860 1915 932 1978 Rex,

125 1999 208 2036 curru
221 1935 316 2049 pauido
332 1989 395 2034 ante
407 1989 513 2046 rectus,
533 1991 562 2034 et
575 1983 699 2035 Deorum
714 1999 730 2034 a
743 1984 800 2034 suis
815 1981 933 2034 bonori-

122 2051 176 2104 bus
188 2052 288 2112 cultus,
303 2050 380 2100 nulla
390 2056 506 2101 externa
523 2065 576 2118 ope
589 2052 710 2113 admota,
732 2051 859 2116 captivus
874 2065 934 2102 ser-

124 2135 221 2170 vorum
237 2132 362 2178 suerum,
382 2117 411 2166 in
426 2116 567 2169 sordidum
581 2119 739 2170 vehiculum
749 2118 872 2185 pellibus
883 2135 934 2169 un-

125 2186 209 2252 dique
227 2190 386 2237 contectum
404 2184 564 2250 imponitur.
602 2188 642 2237 17.
662 2186 786 2238 Pecunia
806 2188 884 2253 regis
905 2193 935 2236 et

125 2251 253 2320 supellex
274 2251 353 2317 quasi
367 2251 428 2301 iure
444 2250 511 2302 belli
526 2253 668 2320 diripitur3
690 2255 838 2320 onustique
853 2267 934 2320 prae-

126 2319 171 2379 da,
186 2333 237 2386 per
247 2318 338 2368 scelus
348 2318 473 2370 ultimum
485 2327 573 2386 parta,
592 2321 687 2388 fugam
697 2313 853 2372 interidunt.
869 2317 872 2324 '
892 2322 933 2370 18.

125 2387 280 2437 Artabazus
291 2387 407 2448 sumile,
418 2389 465 2454 qui
475 2389 592 2455 imperio
603 2389 746 2456 parebant,
758 2387 936 2455 Graecisque

102 2457 107 2463 '
126 2453 261 2506 militibus
272 2452 448 2505 Parthienem
460 2457 585 2522 petebat,
597 2460 691 2508 omnia
699 2459 805 2508 tutiora
816 2456 936 2522 parrici-
1012 2461 1013 2476 ³

127 2526 223 2574 darum
234 2523 360 2572 contuitu
370 2530 458 2574 ratus.
496 2525 535 2576 19.
557 2525 670 2588 Persae,
690 2523 836 2592 promissis
849 2522 936 2574 Bessi

126 2591 245 2653 onerati,
263 2590 382 2641 maxime
393 2591 459 2656 quia
469 2606 550 2644 nenio
561 2592 633 2644 alius
644 2599 716 2653 erat,
737 2606 818 2656 quem
834 2605 937 2658 seque·

125 2665 231 2722 rentur,
252 2658 421 2711 coniunxere
433 2675 463 2710 se
474 2660 641 2722 Bactrianis,
658 2674 757 2726 agmen
769 2673 868 2708 eorum
879 2665 938 2708 ter-

126 2729 166 2777 tio
188 2725 310 2777 assecuti
323 2725 377 2776 die.
415 2729 456 2776 20.
477 2725 518 2777 Ne
535 2735 626 2778 tamen
641 2726 731 2778 honos
747 2727 806 2790 regi
818 2741 876 2776 non
887 2723 937 2776 ba·
