2098 3040
348 155 497 207 LIBER
522 156 573 206 IX.
602 157 699 209 GAP.
727 159 753 210 8.
903 157 952 210 375

143 269 203 312 tam
221 249 354 310 strenuae
373 257 472 310 mortis
492 258 649 324 excogitari
667 265 779 374 Euterat
794 275 812 310 a
824 259 951 321 medicis,

143 341 229 445 {uum
248 327 333 378 etiam
351 323 428 376 leves
449 324 549 392 plagae
569 326 668 375 insana
686 326 739 377 iles
760 333 863 380 essent.
909 329 951 379 21.

170 393 263 445 arbori
274 397 367 444 sutem
378 398 569 460 speraverant,
580 391 722 442 incautum
734 401 762 444 et
771 395 951 446 temerarium

143 475 240 530 regem
251 460 343 526 excipi
351 474 445 528 posse.
472 459 510 510 Et
518 459 602 522 forte,
614 459 688 510 inter
697 464 900 526 promtissimus
911 464 951 513 di·

142 529 262 591 micans,
292 528 413 581 intactus
437 533 574 578 evaserat.
611 527 654 576 22.
680 525 834 594 Praecipue
854 529 950 582 Ptole-

141 611 247 658 maeus,
267 596 347 646 laevo
370 593 485 646 humero
505 594 606 645 leviter
646 593 740 644 uidem
759 597 879 658 saucius,
899 599 951 649 sed

141 663 248 714 maiore
257 663 384 731 periculo
396 677 479 730 quam
488 661 603 712 vulnere
654 667 746 723 ectus,
758 663 835 728 regis
845 665 949 716 sollici-

140 731 266 782 tudinem
283 731 314 781 in
334 744 365 781 se
385 733 571 780 converteret.
618 727 760 797 Sanguine
785 729 949 782 coniunctus

141 804 210 860 erat,
233 805 262 849 et
281 798 394 864 quidam
407 795 538 862 Philippo
558 796 682 864 genitum
702 811 766 848 esse
786 795 950 860 credebant3

141 871 219 918 certe
230 864 333 933 pellice
344 864 405 914 eius
416 870 509 914 ortum
519 863 675 914 constabat.
710 863 752 915 ²3.
764 863 841 915 idem
852 878 951 932 corpo:

140 934 180 984 ris
192 938 298 996 custos,
319 930 726 998 promtissimusque'bellator3
748 936 778 982 et
791 930 869 999 pacis
885 933 950 983 erti-

140 1001 193 1050 bus
204 1015 286 1066 quam
297 997 416 1051 ndlitiae
426 999 517 1049 maior
527 1003 555 1048 et
566 999 683 1061 clarior,
694 999 806 1050 modico
818 997 950 1065 civilique

142 1066 229 1128 cultu,
248 1065 375 1116 liberalis
390 1065 420 1116 in
437 1065 544 1131 primis,
565 1065 697 1132 adituque
711 1063 814 1130 facilis,
834 1063 951 1117 nihiiex

142 1133 219 1184 iustu
230 1133 311 1201 regio
326 1139 506 1184 assumserat.
542 1133 584 1184 24.
604 1132 647 1184 Ob
662 1131 731 1185 haec
746 1135 809 1202 regi
819 1149 854 1184 an
864 1148 951 1201 popu-

141 1201 247 1252 laribus
261 1201 355 1252 carior
364 1206 452 1263 esset,
464 1201 586 1252 dubitari
595 1205 720 1268 peterat:
740 1208 798 1253 tum
809 1207 886 1253 certe
896 1201 951 1269 pri·

140 1283 215 1320 nium
226 1274 358 1335 expertus
368 1269 482 1322 duorum
493 1271 610 1331 animos,
631 1268 703 1320 adeo
714 1275 746 1320 ut
754 1268 906 1333 fortunam,
922 1269 952 1320 io

140 1351 222 1405 quam
242 1342 343 1402 postes
361 1336 496 1398 escendit,
515 1337 545 1387 in
568 1336 618 1389 illo
637 1337 764 1409 periculo
774 1336 948 1389 Macedones

140 1405 259 1456 ominati
273 1419 336 1456 esee
347 1405 501 1456 videantur.
538 1405 579 1454 25.
601 1405 710 1471 Quippe
721 1420 776 1456 non
787 1406 878 1459 levior
887 1404 947 1457 illis

140 1471 447 1532 Ptolemaeiiuitcura‚
469 1485 552 1536 quam
563 1473 652 1538 regis:
677 1472 733 1537 qui,
755 1477 784 1522 et
796 1473 907 1538 proelio
919 1479 949 1523 et

141 1537 332 1590 sollicitudine
353 1529 498 1604 fatigatus,
518 1551 601 1602 quum
616 1537 779 1589 Ptolemaeo
799 1540 949 1601 assideret,

140 1606 254 1666 lectum,
273 1606 368 1670 inquo
380 1604 441 1671 ipse
452 1603 657 1670 adquiesceret,
668 1604 751 1654 iussit
759 1604 868 1656 inferri.
904 1606 947 1656 26.

141 1674 172 1724 ln
192 1686 273 1738 quem
287 1677 319 1721 ut
333 1685 364 1722 se
378 1670 494 1737 recepit,
517 1671 643 1736 protinus
655 1670 740 1721 altior
749 1672 893 1723 insecutus
906 1679 950 1724 est

141 1755 266 1791 somnus.
302 1737 345 1789 Ex
359 1753 414 1804 quo
429 1738 581 1798 excitatus,
601 1751 652 1802 per
665 1737 789 1803 quietem
801 1739 907 1790 vidisse
918 1755 949 1790 se

142 1807 259 1874 exponit
277 1805 400 1872 speciem
415 1804 546 1855 draconis
561 1803 683 1856 oblatam
698 1802 812 1857 herbam
831 1803 949 1858 ferentis

142 1889 201 1938 ore,
222 1889 304 1941 quam
319 1873 421 1925 veneni
437 1871 591 1924 remedium
603 1885 666 1923 esse
676 1877 870 1924 monstrasset.
906 1873 949 1924 27.

142 1942 273 1994 Colorem
284 1955 339 2009 quo
360 1955 394 1991 ue
406 1938 510 1992 herbae
520 1937 844 2058 referebutaffniturum,
853 1941 878 1991 si
888 1943 950 2008 quis

140 2008 304 2076 reperisset,
357 2024 459 2060 rmans.
473 2007 615 2059 inventam
626 2007 690 2059 dein
712 2022 736 2070 e,
743 2008 844 2075 quippe
855 2023 873 2058 a
882 2007 950 2066 mul-

142 2075 949 2142 tiseratrequisita,vuluer·iimposuit:protinusquedolore

141 2145 235 2206 finito,
254 2145 330 2193 intra
343 2141 428 2194 breve
444 2142 565 2209 spatium
577 2144 694 2194 cicatrix
705 2157 816 2209 quoque
828 2141 950 2194 obducta
1045 2179 1046 2202 2

141 2217 193 2264 est.
205 2212 247 2262 28.
256 2209 396 2262 Barbaros
408 2215 438 2260 ut
446 2212 536 2277 prima
545 2225 610 2277 spes
620 2209 895 2276 fefelleretseipsos
905 2224 950 2260 ur·
1045 2209 1046 2260 ἒ

139 2279 260 2346 benique
272 2277 448 2330 dediderunt.
462 2277 537 2327 Hinc
547 2278 577 2328 in
586 2278 741 2344 proximam
749 2283 861 2344 gentem
867 2276 950 2329 Pata·
1045 2297 1046 2304 ¹

140 2345 949 2414 liamperventumest.RexeratMoeris‚quiurbedeserta
993 2345 997 2354 '
1045 2345 1046 2400 ὲ

140 2415 171 2466 in
180 2420 291 2467 montes
301 2412 476 2482 profugerat.
505 2412 548 2464 ae.
567 2412 609 2464 lta
629 2427 664 2464 ue
675 2412 832 2465 Alexander
846 2411 949 2480 oppido

142 2484 256 2551 potitur,
277 2496 416 2550 agrosque
426 2480 585 2548 populatur.
652 2481 816 2548 agueeiude
828 2480 950 2548 praedae

141 2550 949 2618 actaesuutpecorumarmentorumque,magnavisreper·

140 2623 172 2668 ta
181 2615 323 2670 frumenti.
351 2618 393 2670 30.
410 2617 536 2669 Ducibus
552 2615 653 2668 deiude
668 2615 767 2668 sumtis
778 2615 866 2678 amnis
878 2614 950 2682 peri·

141 2685 189 2748 tis,
202 2684 319 2738 defluxit
329 2687 364 2738 ad
374 2685 493 2740 insulem
503 2684 596 2738 medio
606 2683 695 2738 ferme
707 2684 791 2736 slveo
800 2688 918 2736 enatam.
