2098 3040
112 269 162 322 ese
330 263 502 325 onlnnl
531 263 696 314 cunum

111 383 192 419 versa
212 367 348 418 concione
368 364 486 414 effusius
506 364 602 426 flente,
622 363 732 414 Coenus
753 378 839 418 ausus
851 367 913 428 est,

110 434 307 492 cunctantibus
315 433 426 492 esteris,
448 433 562 497 propius
576 431 696 482 tribunal
711 431 855 493 accedero,
878 432 914 482 si·

109 501 245 570 gnilloans
265 515 296 552 se
311 500 341 550 lo
361 498 483 552 nivelle.
519 500 543 546 i
564 499 652 558 Quem
662 497 797 548 occidere
807 497 912 548 milite

55 627 59 635 ¹
109 565 301 622 detrahentem
311 515 420 636 guisern
431 565 530 633 capiti,
551 566 604 630 (ita
616 565 688 614 enim
698 578 794 632 regem
806 564 911 631 alloqui

108 647 169 687 mos
190 635 256 701 cst)
275 634 384 685 hortari
401 638 565 700 coeperunt,
587 637 620 682 ut
637 646 747 682 causam
772 631 913 682 exercitus

109 709 214 772 ageret.
250 701 275 753 5.
295 704 365 752 Tum
381 698 501 762 Coenus,
522 697 573 750 Dii
583 698 756 766 prohibeant,
776 701 876 766 inquit,
897 716 914 750 u

108 769 288 838 nobisimpiar
297 765 741 836 mentem·etprofectoprolsibent.
770 765 912 820 Idemani-

107 853 164 889 mus
176 845 215 889 cst
225 835 285 898 mir,
299 834 410 906 quisuit
419 849 528 902 semper,
540 833 580 884 ire
591 849 641 901 quo
652 833 767 896 iusserit,
774 849 911 901 pugnare,

103 902 268 974 periclitari,
294 918 342 954 san
365 903 425 954 uine
444 911 536 954 nostro
556 901 740 953 commendare
754 901 915 968 posterituti

21 1014 23 1020 .
107 982 182 1024 ticum
194 987 298 1024 nomen.
359 969 453 1021 roinde
466 967 661 1035 sipereeoerar,
680 967 793 1019 inermes
808 984 913 1036 quoque

107 1047 135 1091 et
142 1039 208 1092 nudi
217 1049 243 1090 et
252 1052 407 1107 exsangues,
418 1045 553 1104 utcunque
563 1035 614 1086 tibi
623 1034 699 1088 cordi
707 1043 753 1098 est,
764 1035 909 1103 sequimur,

106 1108 150 1158 acl
157 1106 344 1158 antecedimus.
372 1105 396 1157 b.
408 1103 462 1155 Sed
468 1102 493 1154 si
502 1103 596 1155 andire
606 1103 799 1171 aranonfictao
804 1111 913 1155 morum

107 1173 220 1226 militum
239 1189 328 1235 uoces,
361 1188 451 1222 oerum
470 1171 625 1223 necessitate
644 1170 739 1223 ultima
757 1186 912 1238 expressam

101 1239 212 1308 praebe,
233 1255 339 1306 quassu
349 1237 484 1317 propitias
494 1254 572 1290 aures
582 1237 722 1306 imperium
733 1247 812 1306 atque
822 1239 911 1308 auspi

106 1306 262 1358 ciumtumn
271 1305 484 1356 constantissime
494 1305 598 1367 secutis,
620 1315 648 1356 et
657 1319 812 1374 quocunque
817 1321 869 1374 per
897 1307 903 1321 '

106 1372 245 1424 secuturis.
280 1375 305 1422 l.
323 1370 425 1434 Vicisti,
440 1388 496 1434 rea,
506 1373 691 1440 magnitudine
701 1389 790 1424 rerum
799 1390 854 1425 non
885 1393 913 1428 o·

106 1448 158 1490 stes
168 1440 258 1501 modo,
271 1439 406 1491 sedetiam
417 1439 521 1490 rnilites.
559 1437 697 1506 Quidquid
704 1441 856 1492 mortalitas
868 1457 911 1492 ca-

102 1524 169 1575 pere
183 1516 302 1573 poterat,
323 1507 493 1574 implevimus.
530 1506 654 1558 Emensis
671 1507 759 1563 morio
773 1517 913 1578 terrorque

106 1575 198 1626 melias
208 1575 292 1637 nobis,
305 1590 384 1642 quam
394 1575 497 1637 incolis,
510 1574 600 1627 onmia
609 1584 753 1627 notarunt.
783 1575 874 1628 Paene
883 1577 913 1628 in

105 1641 197 1693 ultim
209 1640 365 1760 ιηιιηάῖἐηι
375 1642 550 1694 consistimus.
586 1643 610 1692 8.
629 1641 663 1694 In
673 1644 755 1694 adum
766 1643 912 1712 orbempc-

107 1725 151 1760 ros
162 1709 211 1772 ire,
224 1718 251 1760 et
259 1709 293 1760 ln
311 1709 365 1761 ium
377 1710 483 1779 quueris
493 1709 570 1762 indis.
578 1725 682 1778 qtsoqsce
691 1711 830 1779 ignotam:
840 1710 913 1763 inter

98 1776 180 1846 seras
191 1786 376 1846 serpentesque
387 1780 511 1848 degentes
522 1793 614 1829 eruere
624 1793 657 1830 ex
666 1777 775 1830 latebris
784 1786 812 1830 et
820 1779 913 1830 cubili-

108 1845 155 1896 bur
168 1844 223 1896 suis
237 1847 346 1912 expetis,
366 1849 492 1914 utplura,
513 1861 592 1912 qaum
602 1847 644 1897 sol
651 1845 729 1908 aare,
750 1845 864 1898 nistoriis
874 1848 913 1897 lu·

105 1921 181 1964 sires.
203 1915 227 1964 9.
239 1911 452 1992 Dignapreraus
463 1912 594 1980 cogitatio
605 1912 694 1965 animo
706 1914 823 1976 telonei
829 1911 916 1966 altior

106 1989 207 2032 nostro.
250 1979 341 2032 Virtus
360 1980 428 2032 enim
450 1989 496 2030 tua
509 1995 611 2048 semper
624 1979 654 2032 in
669 1980 833 2033 incremento
844 1981 915 2043 erit‚·

106 2057 200 2100 nostru
210 2047 247 2098 ois
257 2048 312 2099 ium
322 2049 351 2099 in
352 2048 413 2115 fine
423 2057 469 2100 est.
507 2050 547 2097 lb.
568 2046 677 2099 Intuere
687 2065 803 2116 corpora
817 2064 914 2102 exsan-

127 2117 181 2179 uia,
202 2123 244 2165 tot
252 2131 303 2182 per
320 2132 378 2169 ossa
391 2114 551 2177 uulneribus,
572 2122 614 2166 tot
629 2114 799 2168 cicatricibus
827 2116 912 2169 utria.

102 2131 165 2233 iares
184 2184 236 2233 tela
258 2183 289 2233 be
309 2183 363 2233 etia
381 2191 454 2233 sunt:
473 2181 528 2233 iam
542 2183 764 2251 armodeficiunt.
830 2191 911 2236 estem

104 2247 243 2300 Persicum
252 2249 393 2314 induimus,
406 2249 469 2317 quio
481 2249 626 2302 domestica
634 2250 744 2302 ruboebi
752 2267 806 2302 non
812 2259 912 2318 potest.

103 2313 138 2364 Ia
149 2324 286 2368 externum
298 2316 516 2386 degeneravimus
527 2319 634 2369 cultam.
662 2321 701 2369 ll.
715 2317 862 2382 Quoto-cai
897 2334 914 2370 e

103 2379 188 2433 lorica
200 2385 255 2434 esti
265 2385 322 2450 quis
333 2401 428 2452 equam
436 2385 535 2437 babet?
543 2385 604 2436 iube
616 2385 717 2452 qaam,
725 2401 804 2454 quum
813 2401 859 2437 mu
871 2393 913 2438 tos

102 2449 173 2499 acroi
189 2449 308 2516 ipsorum
322 2453 458 2518 persecuti
474 2453 537 2515 sint,
558 2451 624 2520 quid
636 2453 731 2520 cuique
744 2453 860 2520 supersit
880 2469 915 2506 ex

97 2517 211 2580 praeda.
234 2516 360 2570 Oranium
370 2519 491 2583 victores,
505 2519 621 2571 connium
631 2519 721 2588 inopes
731 2535 829 2572 mmur.
854 2519 915 2572 Nee

101 2583 209 2658 mxuma
219 2585 383 2650 laboramus,
402 2588 523 2639 sedbello
533 2587 710 2639 instrumenta
721 2587 780 2639 belli
789 2603 913 2640 coneum-

101 2662 190 2700 srmus.
228 2654 268 2701 12.
288 2651 370 2704 Hanc
390 2663 419 2704 ta
428 2653 642 2722 pulcherrimam
655 2654 799 2708 exereitum
809 2655 915 2708 nudum

103 2712 210 2791 pbiiciea
221 2718 327 2769 belluis?
358 2720 479 2784 Quarum
491 2731 524 2776 ut
536 2721 732 2774 multitudinem
748 2731 872 2790 augeant
880 2723 915 2776 do

102 2781 236 2834 industria
249 2785 366 2848 barbari,
378 2803 505 2855 magnum
517 2797 605 2838 tumen
616 2805 670 2839 esse
680 2805 817 2840 reunserum
828 2789 916 2842 etiam

42 3001 212 3018 flur—..-
