2048 3034
350 177 500 230 LIBER
526 180 576 231 Vl.
605 181 702 232 cAP.
732 183 757 234 7.
905 183 953 232 247

147 283 269 335 secessit
287 281 316 330 in
336 281 483 347 templum,
503 297 605 350 arcana
623 299 653 335 se
674 290 703 336 et
722 285 833 336 silenda
851 282 955 336 afferre

147 347 314 419 praefatusp
332 347 357 398 l.
378 365 598 420 suspensumque
612 357 822 417 exspectatione
837 367 888 420 per
897 368 955 403 mu·

148 424 226 478 tuam
237 417 381 468 caritatem
392 423 422 468 et
450 420 552 486 ignora
561 418 707 484 utriusque
718 421 801 472 animi
811 426 904 487 rogat,
927 427 957 471 ut

149 483 268 536 affirmet
279 433 468 547 iureiurannfo,
481 500 553 552 quae
564 485 761 548 commisisset,
767 487 880 539 silentio
892 502 955 540 esse

145 557 295 604 tectorum.
331 552 356 602 5.
375 553 412 603 Et
429 553 478 603 ille
493 558 581 616 ratus,
601 550 680 613 nihil,
701 553 775 618 quod
795 555 878 604 etiam
893 571 956 606 cum

144 619 270 687 periurio
291 620 478 688 detegendum
492 618 577 682 foret,
596 619 791 682 indicaturum,
812 635 862 686 per
876 637 955 687 prae-

147 694 241 738 sentes
252 687 330 739 Deos
342 688 425 739 iurat.
444 687 469 739 6.
481 689 551 739 Tum
561 687 681 738 Dimnus
693 687 793 754 aperit,
803 687 832 737 in
842 690 956 740 tertium

147 754 221 806 diem
241 755 359 806 insidias
378 770 408 804 re
430 755 641 822 icomparatas‚
661 769 748 821 seque
763 755 822 804 eius
844 756 956 806 consilii

145 821 268 874 fortibus
278 822 347 874 viris
358 829 387 872 et
397 771 553 874 ifiustribus
565 837 628 873 esse
638 823 811 888 participem.
847 822 873 873 7.
889 823 955 883 Qui·

145 889 199 942 bus
217 889 327 948 iuvenis
342 889 456 952 auditis,
476 905 507 940 se
522 904 590 941 vero
606 889 689 940 tidem
703 891 732 940 in
747 889 897 956 parricidio
909 891 956 940 de-

145 957 399 1008 disse'constauter
409 956 520 1020 abnuit,
531 971 583 1008 nec
592 957 652 1008 ulla
661 959 810 1024 religione,
821 964 853 1008 ut
863 958 955 1008 scelus

145 1029 235 1091 tegat,
245 1039 330 1091 posse
341 1026 506 1094 constringi.
542 1026 566 1077 8.
578 1025 704 1085 Dimum,
716 1032 745 1076 et
755 1040 849 1076 amore
862 1031 890 1074 et
900 1040 956 1074 me·

132 1097 178 1152 2tu
190 1106 298 1153 amens,
311 1091 437 1144 dextram
448 1093 553 1146 exoleti
564 1093 741 1160 complexus,
757 1100 786 1145 et
796 1093 955 1154 lacrimans,

148 1173 231 1211 orare
243 1160 368 1225 primum,
389 1166 420 1212 ut
430 1161 570 1228 particeps
581 1161 693 1213 consilii
705 1162 854 1228 operisque
866 1160 955 1211 tieret.

144 1225 171 1277 9.
179 1225 209 1278 Si
220 1226 249 1277 id
259 1227 399 1279 sustinere
409 1245 464 1280 non
475 1235 581 1296 posset,
593 1236 714 1281 attamen
725 1243 759 1280 ne
771 1227 905 1295 proderet
915 1243 956 1290 se,

144 1295 227 1346 auius
238 1309 306 1362 erga
315 1295 405 1362 ipsum
415 1297 629 1350 benevolentiae
639 1301 752 1365 praeter
759 1298 815 1348 alia
824 1295 879 1348 hoo
888 1312 956 1363 quo-

145 1376 199 1430 que
219 1360 336 1414 haberet
354 1362 539 1418 fortissimum
560 1367 670 1434 pignus,
691 1365 766 1433 quod
780 1372 955 1432 capntsuum

144 1430 321 1497 permisisset
334 1431 401 1482 fidei
412 1433 502 1486 adhuc
512 1435 683 1500 inexpertae.
723 1436 764 1486 lo.
775 1433 816 1484 Ad
827 1433 956 1484 ultimum

143 1499 272 1549 aversari
290 1499 383 1550 scelus
401 1508 628 1566 perseverantem
646 1507 723 1552 metu
736 1500 836 1552 mortis
851 1505 953 1551 terret:

144 1563 180 1615 ab
200 1565 252 1615 illo
274 1565 364 1631 capite
379 1567 541 1618 coniuratos
557 1566 772 1634 pulcherrimum
785 1567 894 1618 facinus
914 1567 955 1616 in-

146 1630 310 1683 choaturos.
348 1634 388 1684 ll.
406 1634 482 1684 Alias
497 1634 599 1686 deinde
613 1633 801 1686 effeminatum
818 1641 847 1684 et
856 1633 956 1685 mulie·

145 1699 236 1750 briter
245 1697 382 1762 timidum,
393 1700 463 1751 alias
473 1702 647 1769 proditorem
657 1703 790 1752 amatoris
801 1701 955 1768 appellans,

144 1781 220 1818 nunc
230 1766 359 1833 ingentia
368 1767 546 1834 promittens,
554 1768 750 1835 interdumque
760 1783 876 1834 regnum
888 1783 955 1834 quo·

146 1849 210 1901 que,
231 1832 364 1886 versabat
377 1835 499 1887 animum
515 1840 594 1887 tanto
608 1835 735 1886 facinore
746 1834 844 1901 procul
855 1833 955 1886 abhor-

144 1909 263 1954 rentem.
301 1903 341 1953 12.
362 1901 495 1955 Strictum
515 1904 615 1955 deinde
629 1903 753 1971 gladium
767 1901 852 1953 modo
869 1902 954 1963 illius,

144 1969 231 2020 modo
242 1983 293 2021 suo
305 1970 457 2023 admovens
467 1972 575 2041 iugulo,
586 1972 704 2040 supplex
712 1971 787 2022 idem
798 1977 826 2021 et
835 1967 955 2020 infestus

145 2039 286 2103 expressit
295 2037 417 2103 tandem,
429 2045 461 2090 ut
473 2055 529 2093 non
540 2039 631 2092 solum
643 2040 797 2102 silentium,
812 2036 862 2088 sed
873 2037 956 2087 etiam

146 2119 261 2171 operam
271 2106 462 2174 polliceretur.
500 2109 541 2160 13.
559 2105 684 2176 Namque
701 2107 811 2159 abunde
827 2111 956 2156 constan-

143 2173 183 2224 tis
194 2175 289 2236 animi,
309 2174 459 2243 etdignus,
480 2175 755 2243 quipudiousesset,
775 2171 846 2224 nibil
856 2187 891 2225 ex
901 2173 956 2238 pri·

146 2239 222 2292 stina
239 2243 385 2294 voluntate
404 2249 572 2308 mutaverat3
602 2245 653 2297 sed
677 2258 707 2294 se
732 2246 843 2307 captum
860 2241 955 2291 Dimni

145 2323 243 2360 amore
253 2311 403 2362 simulabat
412 2308 484 2362 nihil
494 2325 635 2364 recusare.
672 2309 712 2361 14.
733 2307 878 2360 Sciscitari
888 2308 954 2358 inde

145 2377 253 2442 pergit,
279 2392 342 2430 cum
362 2377 462 2445 quibus
481 2384 576 2432 tantae
594 2379 639 2430 rei
659 2377 824 2430 societatem
844 2377 954 2428 inisset.

148 2441 301 2496 Plurimum
311 2445 428 2509 referre,
450 2447 547 2514 quales
557 2447 611 2498 viri
622 2453 679 2498 tam
688 2445 863 2497 memorabili
877 2445 956 2512 operi

143 2509 288 2565 admoturi
298 2531 395 2566 manus
406 2520 510 2566 essent.
540 2512 579 2565 15.
594 2513 656 2576 Ille,
668 2519 697 2565 et
706 2527 800 2565 amore
809 2520 838 2566 et
847 2513 956 2564 scelere

146 2577 219 2632 male
231 2596 324 2645 sanus,
335 2583 419 2634 simul
429 2582 535 2651 gratias
545 2583 702 2650 agit,simul
711 2577 957 2650 gratulatur-‚quod

146 2644 319 2701 fortissimus
336 2650 466 2702 iuven'nm
480 2666 536 2702 non
551 2651 709 2707 dubitasset
723 2665 753 2700 se
769 2651 885 2715 iungere
899 2645 955 2698 De·

146 2717 248 2768 metria
262 2718 387 2785 corporis
399 2718 523 2783 custodi,
535 2718 692 2783 Peucolao,
702 2715 846 2770 Nicanori.
882 2713 956 2766 Adii·

959 2924 995 2968 Α
1015 2913 1017 2966 l

941 3006 974 3026 l.
