<?xml version="1.0" encoding="UTF-8"?>
<!DOCTYPE html PUBLIC "-//W3C//DTD XHTML 1.0 Transitional//EN"
    "http://www.w3.org/TR/xhtml1/DTD/xhtml1-transitional.dtd">
<html xmlns="http://www.w3.org/1999/xhtml" xml:lang="en" lang="en">
 <head>
  <title>
</title>
<meta http-equiv="Content-Type" content="text/html;charset=utf-8" />
  <meta name='ocr-system' content='tesseract 3.04.00' />
  <meta name='ocr-capabilities' content='ocr_page ocr_carea ocr_par ocr_line ocrx_word'/>
</head>
<body>
  <div class='ocr_page' id='page_1' title='image "./qcurtiirufidere00johagoog_0354.png"; bbox 0 0 2082 3042; ppageno 0'>
   <div class='ocr_carea' id='block_1_1' title="bbox 116 229 701 292">
    <p class='ocr_par' dir='ltr' id='par_1_1' title="bbox 116 229 701 292">
     <span class='ocr_line' id='line_1_1' title="bbox 116 229 701 292; baseline -0.014 -4"><span class='ocrx_word' id='word_1_1' title='bbox 116 238 163 290; x_wconf 75' lang='grc'><strong>342</strong></span> <span class='ocrx_word' id='word_1_2' title='bbox 335 229 507 292; x_wconf 71' lang='lat' dir='ltr'><strong>QUINTI</strong></span> <span class='ocrx_word' id='word_1_3' title='bbox 536 229 701 282; x_wconf 86' lang='lat' dir='ltr'><strong>CURTli</strong></span> 
     </span>
    </p>
   </div>
   <div class='ocr_carea' id='block_1_2' title="bbox 111 331 921 739">
    <p class='ocr_par' dir='ltr' id='par_1_2' title="bbox 111 331 921 739">
     <span class='ocr_line' id='line_1_2' title="bbox 115 331 920 400; baseline -0.004 -12"><span class='ocrx_word' id='word_1_4' title='bbox 115 336 239 388; x_wconf 85' lang='lat' dir='ltr'><strong>tudinem</strong></span> <span class='ocrx_word' id='word_1_5' title='bbox 249 334 340 385; x_wconf 88' lang='lat' dir='ltr'><strong>stadia</strong></span> <span class='ocrx_word' id='word_1_6' title='bbox 351 331 490 395; x_wconf 82' lang='lat' dir='ltr'><strong>diffusum,</strong></span> <span class='ocrx_word' id='word_1_7' title='bbox 502 331 640 400; x_wconf 89' lang='lat' dir='ltr'><strong>profundo</strong></span> <span class='ocrx_word' id='word_1_8' title='bbox 651 331 731 382; x_wconf 81' lang='lat' dir='ltr'><strong>alveo</strong></span> <span class='ocrx_word' id='word_1_9' title='bbox 744 333 773 382; x_wconf 91' lang='lat' dir='ltr'><strong>et</strong></span> <span class='ocrx_word' id='word_1_10' title='bbox 783 341 920 400; x_wconf 82' lang='lat' dir='ltr'><strong>nusquam</strong></span> 
     </span>
     <span class='ocr_line' id='line_1_3' title="bbox 114 397 920 470; baseline -0.005 -16"><span class='ocrx_word' id='word_1_11' title='bbox 114 403 186 454; x_wconf 71' lang='lat' dir='ltr'><strong>rada</strong></span> <span class='ocrx_word' id='word_1_12' title='bbox 196 402 347 470; x_wconf 86' lang='lat' dir='ltr'><strong>aperiente,</strong></span> <span class='ocrx_word' id='word_1_13' title='bbox 359 400 482 468; x_wconf 88' lang='lat' dir='ltr'><strong>speciem</strong></span> <span class='ocrx_word' id='word_1_14' title='bbox 491 399 563 450; x_wconf 86' lang='lat' dir='ltr'><strong>rasti</strong></span> <span class='ocrx_word' id='word_1_15' title='bbox 573 400 658 449; x_wconf 89' lang='lat' dir='ltr'><strong>maris</strong></span> <span class='ocrx_word' id='word_1_16' title='bbox 668 397 783 449; x_wconf 84' lang='lat' dir='ltr'><strong>fecerat.</strong></span> <span class='ocrx_word' id='word_1_17' title='bbox 818 397 842 450; x_wconf 79' lang='lat'><strong>9.</strong></span> <span class='ocrx_word' id='word_1_18' title='bbox 858 397 920 450; x_wconf 85' lang='lat' dir='ltr'><strong>Nec</strong></span> 
     </span>
     <span class='ocr_line' id='line_1_4' title="bbox 113 466 921 540; baseline -0.005 -19"><span class='ocrx_word' id='word_1_19' title='bbox 113 485 164 540; x_wconf 91' lang='lat' dir='ltr'><strong>pro</strong></span> <span class='ocrx_word' id='word_1_20' title='bbox 176 470 267 537; x_wconf 89' lang='lat' dir='ltr'><strong>spatio</strong></span> <span class='ocrx_word' id='word_1_21' title='bbox 278 484 412 536; x_wconf 90' lang='lat' dir='ltr'><strong>aquarum</strong></span> <span class='ocrx_word' id='word_1_22' title='bbox 421 468 479 518; x_wconf 89' lang='lat' dir='ltr'><strong>late</strong></span> <span class='ocrx_word' id='word_1_23' title='bbox 489 466 676 534; x_wconf 80' lang='lat' dir='ltr'><strong>stagnantium</strong></span> <span class='ocrx_word' id='word_1_24' title='bbox 691 467 824 532; x_wconf 88' lang='lat' dir='ltr'><strong>impetum</strong></span> <span class='ocrx_word' id='word_1_25' title='bbox 840 468 921 517; x_wconf 76' lang='lat' dir='ltr'><strong>cotir-</strong></span> 
     </span>
     <span class='ocr_line' id='line_1_5' title="bbox 114 532 920 604; baseline -0.006 -16"><span class='ocrx_word' id='word_1_26' title='bbox 114 537 209 602; x_wconf 79' lang='lat' dir='ltr'><strong>cebat3</strong></span> <span class='ocrx_word' id='word_1_27' title='bbox 230 536 279 588; x_wconf 90' lang='lat' dir='ltr'><strong>sed</strong></span> <span class='ocrx_word' id='word_1_28' title='bbox 291 536 370 604; x_wconf 89' lang='lat' dir='ltr'><strong>quasi</strong></span> <span class='ocrx_word' id='word_1_29' title='bbox 379 535 408 584; x_wconf 91' lang='lat' dir='ltr'><strong>iu</strong></span> <span class='ocrx_word' id='word_1_30' title='bbox 419 540 525 585; x_wconf 82' lang='lat' dir='ltr'><strong>arctum</strong></span> <span class='ocrx_word' id='word_1_31' title='bbox 536 532 700 585; x_wconf 74' lang='lat' dir='ltr'><strong>cobuntibus</strong></span> <span class='ocrx_word' id='word_1_32' title='bbox 712 535 794 600; x_wconf 87' lang='lat' dir='ltr'><strong>ripis,</strong></span> <span class='ocrx_word' id='word_1_33' title='bbox 807 540 920 584; x_wconf 89' lang='lat' dir='ltr'><strong>torrens</strong></span> 
     </span>
     <span class='ocr_line' id='line_1_6' title="bbox 113 601 920 668; baseline -0.005 -13"><span class='ocrx_word' id='word_1_34' title='bbox 113 610 142 656; x_wconf 88' lang='lat' dir='ltr'><strong>et</strong></span> <span class='ocrx_word' id='word_1_35' title='bbox 153 604 239 656; x_wconf 84' lang='lat' dir='ltr'><strong>elisus</strong></span> <span class='ocrx_word' id='word_1_36' title='bbox 250 603 404 654; x_wconf 86' lang='lat' dir='ltr'><strong>ferebatur:</strong></span> <span class='ocrx_word' id='word_1_37' title='bbox 426 603 590 668; x_wconf 87' lang='lat' dir='ltr'><strong>occultaque</strong></span> <span class='ocrx_word' id='word_1_38' title='bbox 604 616 673 651; x_wconf 83' lang='lat' dir='ltr'><strong>saxa</strong></span> <span class='ocrx_word' id='word_1_39' title='bbox 681 601 775 652; x_wconf 86' lang='lat' dir='ltr'><strong>inesse</strong></span> <span class='ocrx_word' id='word_1_40' title='bbox 787 601 920 652; x_wconf 89' lang='lat' dir='ltr'><strong>ostende·</strong></span> 
     </span>
     <span class='ocr_line' id='line_1_7' title="bbox 111 667 920 739; baseline -0.006 -16"><span class='ocrx_word' id='word_1_41' title='bbox 111 673 180 724; x_wconf 90' lang='lat' dir='ltr'><strong>bant</strong></span> <span class='ocrx_word' id='word_1_42' title='bbox 188 671 313 739; x_wconf 90' lang='lat' dir='ltr'><strong>pluribus</strong></span> <span class='ocrx_word' id='word_1_43' title='bbox 323 670 395 720; x_wconf 90' lang='lat' dir='ltr'><strong>locis</strong></span> <span class='ocrx_word' id='word_1_44' title='bbox 407 668 498 720; x_wconf 82' lang='lat' dir='ltr'><strong>undae</strong></span> <span class='ocrx_word' id='word_1_45' title='bbox 507 683 699 736; x_wconf 87' lang='lat' dir='ltr'><strong>repercussae.</strong></span> <span class='ocrx_word' id='word_1_46' title='bbox 734 670 773 721; x_wconf 86' lang='lat'><strong>10.</strong></span> <span class='ocrx_word' id='word_1_47' title='bbox 792 667 920 719; x_wconf 83' lang='lat' dir='ltr'><strong>Terribi-</strong></span> 
     </span>
    </p>
   </div>
   <div class='ocr_carea' id='block_1_3' title="bbox 110 736 926 2827">
    <p class='ocr_par' dir='ltr' id='par_1_3' title="bbox 110 736 926 2827">
     <span class='ocr_line' id='line_1_8' title="bbox 112 736 919 806; baseline -0.005 -16"><span class='ocrx_word' id='word_1_48' title='bbox 112 740 168 790; x_wconf 90' lang='lat' dir='ltr'><strong>lior</strong></span> <span class='ocrx_word' id='word_1_49' title='bbox 184 745 244 790; x_wconf 90' lang='lat' dir='ltr'><strong>erat</strong></span> <span class='ocrx_word' id='word_1_50' title='bbox 258 737 345 788; x_wconf 86' lang='lat' dir='ltr'><strong>facies</strong></span> <span class='ocrx_word' id='word_1_51' title='bbox 355 738 446 802; x_wconf 80' lang='lat' dir='ltr'>ripae,</span> <span class='ocrx_word' id='word_1_52' title='bbox 467 752 549 804; x_wconf 91' lang='lat' dir='ltr'><strong>quam</strong></span> <span class='ocrx_word' id='word_1_53' title='bbox 564 736 629 804; x_wconf 89' lang='lat' dir='ltr'><strong>equi</strong></span> <span class='ocrx_word' id='word_1_54' title='bbox 642 736 749 806; x_wconf 84' lang='lat' dir='ltr'><strong>virique</strong></span> <span class='ocrx_word' id='word_1_55' title='bbox 761 736 919 804; x_wconf 84' lang='lat' dir='ltr'><strong>complere·</strong></span> 
     </span>
     <span class='ocr_line' id='line_1_9' title="bbox 111 803 919 872; baseline -0.004 -16"><span class='ocrx_word' id='word_1_56' title='bbox 111 812 182 857; x_wconf 87' lang='lat' dir='ltr'><strong>rant.</strong></span> <span class='ocrx_word' id='word_1_57' title='bbox 221 804 337 858; x_wconf 79' lang='lat' dir='ltr'><strong>Stabant</strong></span> <span class='ocrx_word' id='word_1_58' title='bbox 356 805 484 872; x_wconf 82' lang='lat' dir='ltr'><strong>ingentes</strong></span> <span class='ocrx_word' id='word_1_59' title='bbox 504 810 645 856; x_wconf 89' lang='lat' dir='ltr'><strong>vastorum</strong></span> <span class='ocrx_word' id='word_1_60' title='bbox 660 818 807 872; x_wconf 85' lang='lat' dir='ltr'><strong>corporum</strong></span> <span class='ocrx_word' id='word_1_61' title='bbox 817 803 919 864; x_wconf 87' lang='lat' dir='ltr'><strong>moles,</strong></span> 
     </span>
     <span class='ocr_line' id='line_1_10' title="bbox 112 869 919 925; baseline -0.004 -2"><span class='ocrx_word' id='word_1_62' title='bbox 112 880 141 925; x_wconf 86' lang='lat' dir='ltr'><strong>et</strong></span> <span class='ocrx_word' id='word_1_63' title='bbox 152 873 186 924; x_wconf 91' lang='lat' dir='ltr'><strong>de</strong></span> <span class='ocrx_word' id='word_1_64' title='bbox 197 873 336 924; x_wconf 87' lang='lat' dir='ltr'><strong>industria</strong></span> <span class='ocrx_word' id='word_1_65' title='bbox 345 871 472 924; x_wconf 83' lang='lat' dir='ltr'><strong>irritatae</strong></span> <span class='ocrx_word' id='word_1_66' title='bbox 483 870 622 923; x_wconf 87' lang='lat' dir='ltr'><strong>horrendo</strong></span> <span class='ocrx_word' id='word_1_67' title='bbox 634 871 754 924; x_wconf 84' lang='lat' dir='ltr'><strong>stridore</strong></span> <span class='ocrx_word' id='word_1_68' title='bbox 763 886 845 922; x_wconf 87' lang='lat' dir='ltr'><strong>aures</strong></span> <span class='ocrx_word' id='word_1_69' title='bbox 854 869 919 921; x_wconf 81' lang='lat' dir='ltr'><strong>iati-</strong></span> 
     </span>
     <span class='ocr_line' id='line_1_11' title="bbox 113 937 919 1007; baseline -0.005 -15"><span class='ocrx_word' id='word_1_70' title='bbox 113 942 225 1007; x_wconf 87' lang='lat' dir='ltr'><strong>gabant.</strong></span> <span class='ocrx_word' id='word_1_71' title='bbox 248 943 289 992; x_wconf 92' lang='lat' dir='ltr'><strong>ll.</strong></span> <span class='ocrx_word' id='word_1_72' title='bbox 299 940 374 992; x_wconf 86' lang='lat' dir='ltr'><strong>Hinc</strong></span> <span class='ocrx_word' id='word_1_73' title='bbox 384 937 484 1001; x_wconf 87' lang='lat' dir='ltr'><strong>bostis,</strong></span> <span class='ocrx_word' id='word_1_74' title='bbox 497 938 561 991; x_wconf 90' lang='lat' dir='ltr'><strong>hinc</strong></span> <span class='ocrx_word' id='word_1_75' title='bbox 572 939 669 1002; x_wconf 72' lang='lat' dir='ltr'><strong>ansuis,</strong></span> <span class='ocrx_word' id='word_1_76' title='bbox 681 939 795 1007; x_wconf 87' lang='lat' dir='ltr'><strong>capacia</strong></span> <span class='ocrx_word' id='word_1_77' title='bbox 806 937 919 1006; x_wconf 89' lang='lat' dir='ltr'><strong>quidem</strong></span> 
     </span>
     <span class='ocr_line' id='line_1_12' title="bbox 112 1007 919 1075; baseline -0.002 -17"><span class='ocrx_word' id='word_1_78' title='bbox 112 1008 203 1060; x_wconf 77' lang='lat' dir='ltr'><strong>donae</strong></span> <span class='ocrx_word' id='word_1_79' title='bbox 221 1009 281 1074; x_wconf 88' lang='lat' dir='ltr'><strong>spei</strong></span> <span class='ocrx_word' id='word_1_80' title='bbox 294 1013 418 1075; x_wconf 83' lang='lat' dir='ltr'><strong>pectora,</strong></span> <span class='ocrx_word' id='word_1_81' title='bbox 439 1014 468 1059; x_wconf 88' lang='lat' dir='ltr'><strong>et</strong></span> <span class='ocrx_word' id='word_1_82' title='bbox 482 1023 566 1074; x_wconf 83' lang='lat' dir='ltr'><strong>saepe</strong></span> <span class='ocrx_word' id='word_1_83' title='bbox 577 1022 607 1058; x_wconf 91' lang='lat' dir='ltr'><strong>se</strong></span> <span class='ocrx_word' id='word_1_84' title='bbox 619 1013 743 1072; x_wconf 84' lang='lat' dir='ltr'><strong>experta,</strong></span> <span class='ocrx_word' id='word_1_85' title='bbox 763 1007 919 1073; x_wconf 82' lang='lat' dir='ltr'><strong>improviso</strong></span> 
     </span>
     <span class='ocr_line' id='line_1_13' title="bbox 111 1073 920 1142; baseline -0.002 -16"><span class='ocrx_word' id='word_1_86' title='bbox 111 1081 205 1126; x_wconf 86' lang='lat' dir='ltr'><strong>tamen</strong></span> <span class='ocrx_word' id='word_1_87' title='bbox 215 1090 320 1141; x_wconf 84' lang='lat' dir='ltr'><strong>pavore</strong></span> <span class='ocrx_word' id='word_1_88' title='bbox 329 1079 534 1142; x_wconf 83' lang='lat' dir='ltr'><strong>percusserant.</strong></span> <span class='ocrx_word' id='word_1_89' title='bbox 564 1075 672 1142; x_wconf 79' lang='lat' dir='ltr'><strong>Quippe</strong></span> <span class='ocrx_word' id='word_1_90' title='bbox 682 1073 828 1124; x_wconf 79' lang='lat' dir='ltr'><strong>Instabiles</strong></span> <span class='ocrx_word' id='word_1_91' title='bbox 842 1079 920 1124; x_wconf 88' lang='lat' dir='ltr'><strong>rates</strong></span> 
     </span>
     <span class='ocr_line' id='line_1_14' title="bbox 112 1141 926 1210; baseline -0.004 -16"><span class='ocrx_word' id='word_1_92' title='bbox 112 1157 165 1194; x_wconf 88' lang='lat' dir='ltr'><strong>neo</strong></span> <span class='ocrx_word' id='word_1_93' title='bbox 182 1143 266 1210; x_wconf 82' lang='lat' dir='ltr'><strong>dirigi</strong></span> <span class='ocrx_word' id='word_1_94' title='bbox 279 1143 314 1194; x_wconf 87' lang='lat' dir='ltr'><strong>ad</strong></span> <span class='ocrx_word' id='word_1_95' title='bbox 329 1143 426 1209; x_wconf 90' lang='lat' dir='ltr'><strong>ripam,</strong></span> <span class='ocrx_word' id='word_1_96' title='bbox 446 1157 497 1194; x_wconf 88' lang='lat' dir='ltr'><strong>nec</strong></span> <span class='ocrx_word' id='word_1_97' title='bbox 511 1147 572 1194; x_wconf 93' lang='lat' dir='ltr'><strong>tuto</strong></span> <span class='ocrx_word' id='word_1_98' title='bbox 584 1141 717 1210; x_wconf 87' lang='lat' dir='ltr'><strong>applicari</strong></span> <span class='ocrx_word' id='word_1_99' title='bbox 727 1155 811 1207; x_wconf 87' lang='lat' dir='ltr'><strong>posse</strong></span> <span class='ocrx_word' id='word_1_100' title='bbox 823 1142 926 1192; x_wconf 36' lang='lat' dir='ltr'><strong>crede-¹</strong></span> 
     </span>
     <span class='ocr_line' id='line_1_15' title="bbox 115 1209 920 1276; baseline -0.001 -16"><span class='ocrx_word' id='word_1_101' title='bbox 115 1215 187 1276; x_wconf 79' lang='lat' dir='ltr'><strong>nant.</strong></span> <span class='ocrx_word' id='word_1_102' title='bbox 223 1212 265 1261; x_wconf 75' lang='lat'><strong>12.</strong></span> <span class='ocrx_word' id='word_1_103' title='bbox 285 1211 372 1260; x_wconf 77' lang='lat' dir='ltr'><strong>Erant</strong></span> <span class='ocrx_word' id='word_1_104' title='bbox 380 1211 410 1260; x_wconf 92' lang='lat' dir='ltr'><strong>in</strong></span> <span class='ocrx_word' id='word_1_105' title='bbox 423 1210 515 1261; x_wconf 88' lang='lat' dir='ltr'><strong>madio</strong></span> <span class='ocrx_word' id='word_1_106' title='bbox 526 1225 605 1260; x_wconf 89' lang='lat' dir='ltr'><strong>amne</strong></span> <span class='ocrx_word' id='word_1_107' title='bbox 619 1209 727 1260; x_wconf 89' lang='lat' dir='ltr'><strong>insulae</strong></span> <span class='ocrx_word' id='word_1_108' title='bbox 743 1209 869 1272; x_wconf 86' lang='lat' dir='ltr'><strong>crebrae,</strong></span> <span class='ocrx_word' id='word_1_109' title='bbox 890 1209 920 1259; x_wconf 92' lang='lat' dir='ltr'><strong>in</strong></span> 
     </span>
     <span class='ocr_line' id='line_1_16' title="bbox 112 1276 921 1344; baseline 0.001 -17"><span class='ocrx_word' id='word_1_110' title='bbox 112 1291 180 1344; x_wconf 87' lang='lat' dir='ltr'><strong>quas</strong></span> <span class='ocrx_word' id='word_1_111' title='bbox 192 1281 220 1326; x_wconf 83' lang='lat' dir='ltr'><strong>ot</strong></span> <span class='ocrx_word' id='word_1_112' title='bbox 229 1276 291 1326; x_wconf 87' lang='lat' dir='ltr'><strong>indi</strong></span> <span class='ocrx_word' id='word_1_113' title='bbox 302 1283 330 1326; x_wconf 89' lang='lat' dir='ltr'><strong>et</strong></span> <span class='ocrx_word' id='word_1_114' title='bbox 339 1277 509 1328; x_wconf 84' lang='lat' dir='ltr'><strong>Macedones</strong></span> <span class='ocrx_word' id='word_1_115' title='bbox 520 1283 618 1328; x_wconf 88' lang='lat' dir='ltr'><strong>nantes</strong></span> <span class='ocrx_word' id='word_1_116' title='bbox 630 1278 731 1328; x_wconf 86' lang='lat' dir='ltr'><strong>ieratis</strong></span> <span class='ocrx_word' id='word_1_117' title='bbox 747 1292 831 1344; x_wconf 88' lang='lat' dir='ltr'><strong>super</strong></span> <span class='ocrx_word' id='word_1_118' title='bbox 846 1277 921 1344; x_wconf 86' lang='lat' dir='ltr'><strong>oapi·</strong></span> 
     </span>
     <span class='ocr_line' id='line_1_17' title="bbox 111 1343 920 1410; baseline 0.004 -19"><span class='ocrx_word' id='word_1_119' title='bbox 111 1349 141 1392; x_wconf 84' lang='lat' dir='ltr'><strong>ta</strong></span> <span class='ocrx_word' id='word_1_120' title='bbox 160 1343 245 1392; x_wconf 88' lang='lat' dir='ltr'><strong>armis</strong></span> <span class='ocrx_word' id='word_1_121' title='bbox 264 1343 429 1394; x_wconf 82' lang='lat' dir='ltr'><strong>transibant.</strong></span> <span class='ocrx_word' id='word_1_122' title='bbox 464 1343 506 1394; x_wconf 92' lang='lat' dir='ltr'><strong>lbi</strong></span> <span class='ocrx_word' id='word_1_123' title='bbox 521 1345 594 1395; x_wconf 86' lang='lat' dir='ltr'><strong>levia</strong></span> <span class='ocrx_word' id='word_1_124' title='bbox 607 1345 718 1410; x_wconf 87' lang='lat' dir='ltr'><strong>proelia</strong></span> <span class='ocrx_word' id='word_1_125' title='bbox 734 1343 920 1396; x_wconf 83' lang='lat' dir='ltr'><strong>consereban-</strong></span> 
     </span>
     <span class='ocr_line' id='line_1_18' title="bbox 112 1412 919 1480; baseline 0.002 -22"><span class='ocrx_word' id='word_1_126' title='bbox 112 1416 168 1471; x_wconf 84' lang='lat' dir='ltr'><strong>tur3</strong></span> <span class='ocrx_word' id='word_1_127' title='bbox 190 1414 218 1459; x_wconf 92' lang='lat' dir='ltr'><strong>et</strong></span> <span class='ocrx_word' id='word_1_128' title='bbox 237 1415 353 1480; x_wconf 75' lang='lat' dir='ltr'><strong>uterque</strong></span> <span class='ocrx_word' id='word_1_129' title='bbox 368 1425 418 1461; x_wconf 84' lang='lat' dir='ltr'><strong>rex</strong></span> <span class='ocrx_word' id='word_1_130' title='bbox 431 1425 533 1476; x_wconf 84' lang='lat' dir='ltr'><strong>parrae</strong></span> <span class='ocrx_word' id='word_1_131' title='bbox 548 1413 590 1461; x_wconf 88' lang='lat' dir='ltr'><strong>rei</strong></span> <span class='ocrx_word' id='word_1_132' title='bbox 604 1412 773 1474; x_wconf 81' lang='lat' dir='ltr'><strong>discrimine,</strong></span> <span class='ocrx_word' id='word_1_133' title='bbox 794 1425 919 1462; x_wconf 89' lang='lat' dir='ltr'><strong>summae</strong></span> 
     </span>
     <span class='ocr_line' id='line_1_19' title="bbox 113 1476 920 1542; baseline 0.001 -14"><span class='ocrx_word' id='word_1_134' title='bbox 113 1476 308 1542; x_wconf 81' lang='lat' dir='ltr'><strong>experiebatur</strong></span> <span class='ocrx_word' id='word_1_135' title='bbox 319 1483 456 1530; x_wconf 87' lang='lat' dir='ltr'><strong>eventum.</strong></span> <span class='ocrx_word' id='word_1_136' title='bbox 492 1479 532 1530; x_wconf 83' lang='grc'><strong>13.</strong></span> <span class='ocrx_word' id='word_1_137' title='bbox 553 1479 682 1532; x_wconf 84' lang='lat' dir='ltr'><strong>Ceterum</strong></span> <span class='ocrx_word' id='word_1_138' title='bbox 693 1482 721 1531; x_wconf 93' lang='lat' dir='ltr'><strong>in</strong></span> <span class='ocrx_word' id='word_1_139' title='bbox 731 1479 920 1531; x_wconf 88' lang='lat' dir='ltr'><strong>Macedonum</strong></span> 
     </span>
     <span class='ocr_line' id='line_1_20' title="bbox 113 1545 918 1614; baseline 0.006 -21"><span class='ocrx_word' id='word_1_140' title='bbox 113 1545 239 1596; x_wconf 80' lang='lat' dir='ltr'><strong>exercitu</strong></span> <span class='ocrx_word' id='word_1_141' title='bbox 259 1546 419 1596; x_wconf 88' lang='lat' dir='ltr'><strong>temeritate</strong></span> <span class='ocrx_word' id='word_1_142' title='bbox 440 1553 523 1614; x_wconf 89' lang='lat' dir='ltr'><strong>atque</strong></span> <span class='ocrx_word' id='word_1_143' title='bbox 543 1548 661 1599; x_wconf 90' lang='lat' dir='ltr'><strong>audacia</strong></span> <span class='ocrx_word' id='word_1_144' title='bbox 685 1547 810 1614; x_wconf 88' lang='lat' dir='ltr'><strong>insignes</strong></span> <span class='ocrx_word' id='word_1_145' title='bbox 837 1545 918 1598; x_wconf 88' lang='lat' dir='ltr'><strong>fuere</strong></span> 
     </span>
     <span class='ocr_line' id='line_1_21' title="bbox 113 1611 919 1680; baseline 0.002 -18"><span class='ocrx_word' id='word_1_146' title='bbox 113 1611 294 1678; x_wconf 86' lang='lat' dir='ltr'><strong>Symmachus</strong></span> <span class='ocrx_word' id='word_1_147' title='bbox 307 1619 335 1663; x_wconf 88' lang='lat' dir='ltr'><strong>et</strong></span> <span class='ocrx_word' id='word_1_148' title='bbox 345 1612 476 1674; x_wconf 87' lang='lat' dir='ltr'><strong>Nicanor,</strong></span> <span class='ocrx_word' id='word_1_149' title='bbox 489 1615 598 1665; x_wconf 88' lang='lat' dir='ltr'><strong>nobiles</strong></span> <span class='ocrx_word' id='word_1_150' title='bbox 608 1617 732 1676; x_wconf 82' lang='lat' dir='ltr'><strong>iuvenes,</strong></span> <span class='ocrx_word' id='word_1_151' title='bbox 744 1619 773 1665; x_wconf 93' lang='lat' dir='ltr'><strong>et</strong></span> <span class='ocrx_word' id='word_1_152' title='bbox 781 1620 919 1680; x_wconf 87' lang='lat' dir='ltr'><strong>perpetua</strong></span> 
     </span>
     <span class='ocr_line' id='line_1_22' title="bbox 111 1679 918 1747; baseline 0.004 -18"><span class='ocrx_word' id='word_1_153' title='bbox 111 1681 230 1746; x_wconf 89' lang='lat' dir='ltr'><strong>partium</strong></span> <span class='ocrx_word' id='word_1_154' title='bbox 248 1679 386 1730; x_wconf 85' lang='lat' dir='ltr'><strong>felicitate</strong></span> <span class='ocrx_word' id='word_1_155' title='bbox 406 1681 441 1730; x_wconf 89' lang='lat' dir='ltr'><strong>ad</strong></span> <span class='ocrx_word' id='word_1_156' title='bbox 461 1681 646 1747; x_wconf 85' lang='lat' dir='ltr'><strong>spernendum</strong></span> <span class='ocrx_word' id='word_1_157' title='bbox 667 1697 747 1732; x_wconf 89' lang='lat' dir='ltr'><strong>omne</strong></span> <span class='ocrx_word' id='word_1_158' title='bbox 763 1681 918 1746; x_wconf 88' lang='lat' dir='ltr'><strong>periculum</strong></span> 
     </span>
     <span class='ocr_line' id='line_1_23' title="bbox 111 1747 918 1814; baseline 0.002 -17"><span class='ocrx_word' id='word_1_159' title='bbox 111 1747 232 1798; x_wconf 89' lang='lat' dir='ltr'><strong>accensi.</strong></span> <span class='ocrx_word' id='word_1_160' title='bbox 269 1747 308 1798; x_wconf 79' lang='lat' dir='ltr'><strong>li.</strong></span> <span class='ocrx_word' id='word_1_161' title='bbox 322 1748 390 1809; x_wconf 76' lang='lat' dir='ltr'><strong>Quis</strong></span> <span class='ocrx_word' id='word_1_162' title='bbox 403 1748 520 1800; x_wconf 89' lang='lat' dir='ltr'><strong>ducibus</strong></span> <span class='ocrx_word' id='word_1_163' title='bbox 530 1749 711 1814; x_wconf 91' lang='lat' dir='ltr'><strong>promtissimi</strong></span> <span class='ocrx_word' id='word_1_164' title='bbox 720 1751 850 1800; x_wconf 85' lang='lat' dir='ltr'><strong>iuvenum</strong></span> <span class='ocrx_word' id='word_1_165' title='bbox 860 1749 918 1799; x_wconf 91' lang='lat' dir='ltr'><strong>ian·</strong></span> 
     </span>
     <span class='ocr_line' id='line_1_24' title="bbox 112 1815 918 1884; baseline 0.004 -20"><span class='ocrx_word' id='word_1_166' title='bbox 112 1815 170 1866; x_wconf 89' lang='lat' dir='ltr'><strong>ceis</strong></span> <span class='ocrx_word' id='word_1_167' title='bbox 189 1815 273 1866; x_wconf 91' lang='lat' dir='ltr'><strong>modo</strong></span> <span class='ocrx_word' id='word_1_168' title='bbox 294 1816 394 1866; x_wconf 89' lang='lat' dir='ltr'><strong>armati</strong></span> <span class='ocrx_word' id='word_1_169' title='bbox 412 1821 559 1867; x_wconf 84' lang='lat' dir='ltr'><strong>tranavere</strong></span> <span class='ocrx_word' id='word_1_170' title='bbox 578 1817 607 1866; x_wconf 93' lang='lat' dir='ltr'><strong>in</strong></span> <span class='ocrx_word' id='word_1_171' title='bbox 622 1817 749 1878; x_wconf 90' lang='lat' dir='ltr'><strong>insulam,</strong></span> <span class='ocrx_word' id='word_1_172' title='bbox 771 1815 918 1884; x_wconf 84' lang='lat' dir='ltr'><strong>quamfre·</strong></span> 
     </span>
     <span class='ocr_line' id='line_1_25' title="bbox 112 1881 917 1949; baseline 0.002 -17"><span class='ocrx_word' id='word_1_173' title='bbox 112 1898 199 1949; x_wconf 89' lang='lat' dir='ltr'><strong>quens</strong></span> <span class='ocrx_word' id='word_1_174' title='bbox 211 1881 300 1932; x_wconf 87' lang='lat' dir='ltr'><strong>hostis</strong></span> <span class='ocrx_word' id='word_1_175' title='bbox 310 1883 437 1944; x_wconf 83' lang='lat' dir='ltr'><strong>tenebat3</strong></span> <span class='ocrx_word' id='word_1_176' title='bbox 457 1883 614 1949; x_wconf 89' lang='lat' dir='ltr'><strong>multosque</strong></span> <span class='ocrx_word' id='word_1_177' title='bbox 629 1884 773 1948; x_wconf 86' lang='lat' dir='ltr'><strong>ludorum,</strong></span> <span class='ocrx_word' id='word_1_178' title='bbox 793 1883 872 1935; x_wconf 93' lang='lat' dir='ltr'><strong>nulla</strong></span> <span class='ocrx_word' id='word_1_179' title='bbox 887 1897 917 1934; x_wconf 85' lang='lat' dir='ltr'><strong>re</strong></span> 
     </span>
     <span class='ocr_line' id='line_1_26' title="bbox 111 1947 918 2016; baseline 0 -16"><span class='ocrx_word' id='word_1_180' title='bbox 111 1951 201 2016; x_wconf 87' lang='lat' dir='ltr'><strong>magis</strong></span> <span class='ocrx_word' id='word_1_181' title='bbox 213 1965 294 2016; x_wconf 87' lang='lat' dir='ltr'><strong>quam</strong></span> <span class='ocrx_word' id='word_1_182' title='bbox 306 1947 424 2002; x_wconf 85' lang='lat' dir='ltr'><strong>audacia</strong></span> <span class='ocrx_word' id='word_1_183' title='bbox 435 1953 544 2013; x_wconf 83' lang='lat' dir='ltr'><strong>armati,</strong></span> <span class='ocrx_word' id='word_1_184' title='bbox 554 1951 764 2004; x_wconf 87' lang='lat' dir='ltr'><strong>iuteremerunt.</strong></span> <span class='ocrx_word' id='word_1_185' title='bbox 802 1951 842 2001; x_wconf 84' lang='lat' dir='ltr'><strong>lb.</strong></span> <span class='ocrx_word' id='word_1_186' title='bbox 855 1950 918 2001; x_wconf 75' lang='lat' dir='ltr'><strong>ribi-</strong></span> 
     </span>
     <span class='ocr_line' id='line_1_27' title="bbox 111 2015 917 2086; baseline 0 -20"><span class='ocrx_word' id='word_1_187' title='bbox 111 2033 142 2067; x_wconf 88' lang='lat' dir='ltr'><strong>re</strong></span> <span class='ocrx_word' id='word_1_188' title='bbox 153 2033 216 2067; x_wconf 91' lang='lat' dir='ltr'><strong>cum</strong></span> <span class='ocrx_word' id='word_1_189' title='bbox 225 2015 317 2082; x_wconf 88' lang='lat' dir='ltr'><strong>gloria</strong></span> <span class='ocrx_word' id='word_1_190' title='bbox 327 2023 468 2086; x_wconf 85' lang='lat' dir='ltr'><strong>poteraut,</strong></span> <span class='ocrx_word' id='word_1_191' title='bbox 479 2020 504 2070; x_wconf 90' lang='lat' dir='ltr'><strong>si</strong></span> <span class='ocrx_word' id='word_1_192' title='bbox 513 2033 633 2085; x_wconf 85' lang='lat' dir='ltr'><strong>unquam</strong></span> <span class='ocrx_word' id='word_1_193' title='bbox 643 2022 786 2072; x_wconf 86' lang='lat' dir='ltr'><strong>temeritas</strong></span> <span class='ocrx_word' id='word_1_194' title='bbox 796 2018 868 2072; x_wconf 81' lang='lat' dir='ltr'><strong>felix</strong></span> <span class='ocrx_word' id='word_1_195' title='bbox 877 2019 917 2067; x_wconf 88' lang='lat' dir='ltr'><strong>in-</strong></span> 
     </span>
     <span class='ocr_line' id='line_1_28' title="bbox 112 2084 918 2152; baseline 0.004 -19"><span class='ocrx_word' id='word_1_196' title='bbox 112 2087 219 2135; x_wconf 82' lang='lat' dir='ltr'><strong>veniret</strong></span> <span class='ocrx_word' id='word_1_197' title='bbox 229 2084 352 2147; x_wconf 91' lang='lat' dir='ltr'><strong>modum;</strong></span> <span class='ocrx_word' id='word_1_198' title='bbox 373 2085 424 2136; x_wconf 88' lang='lat' dir='ltr'><strong>sed</strong></span> <span class='ocrx_word' id='word_1_199' title='bbox 438 2085 501 2136; x_wconf 90' lang='lat' dir='ltr'><strong>dum</strong></span> <span class='ocrx_word' id='word_1_200' title='bbox 516 2087 744 2152; x_wconf 86' lang='lat' dir='ltr'><strong>supervenientes</strong></span> <span class='ocrx_word' id='word_1_201' title='bbox 755 2084 918 2137; x_wconf 88' lang='lat' dir='ltr'><strong>contemtim</strong></span> 
     </span>
     <span class='ocr_line' id='line_1_29' title="bbox 112 2151 919 2219; baseline 0 -17"><span class='ocrx_word' id='word_1_202' title='bbox 112 2159 140 2202; x_wconf 89' lang='lat' dir='ltr'><strong>et</strong></span> <span class='ocrx_word' id='word_1_203' title='bbox 151 2151 270 2217; x_wconf 89' lang='lat' dir='ltr'><strong>superbe</strong></span> <span class='ocrx_word' id='word_1_204' title='bbox 282 2159 392 2218; x_wconf 84' lang='lat' dir='ltr'><strong>quoque</strong></span> <span class='ocrx_word' id='word_1_205' title='bbox 404 2159 575 2219; x_wconf 84' lang='lat' dir='ltr'><strong>exspectant,</strong></span> <span class='ocrx_word' id='word_1_206' title='bbox 582 2155 763 2207; x_wconf 86' lang='lat' dir='ltr'><strong>circumventi</strong></span> <span class='ocrx_word' id='word_1_207' title='bbox 775 2154 808 2204; x_wconf 89' lang='lat' dir='ltr'><strong>ab</strong></span> <span class='ocrx_word' id='word_1_208' title='bbox 818 2153 919 2219; x_wconf 84' lang='lat' dir='ltr'><strong>iis,qui</strong></span> 
     </span>
     <span class='ocr_line' id='line_1_30' title="bbox 112 2219 917 2282; baseline 0.001 -13"><span class='ocrx_word' id='word_1_209' title='bbox 112 2219 217 2269; x_wconf 90' lang='lat' dir='ltr'><strong>occulti</strong></span> <span class='ocrx_word' id='word_1_210' title='bbox 236 2223 425 2282; x_wconf 74' lang='lat' dir='ltr'><strong>enataverunt,</strong></span> <span class='ocrx_word' id='word_1_211' title='bbox 447 2221 552 2271; x_wconf 84' lang='lat' dir='ltr'><strong>eminus</strong></span> <span class='ocrx_word' id='word_1_212' title='bbox 572 2222 666 2273; x_wconf 90' lang='lat' dir='ltr'><strong>obruti</strong></span> <span class='ocrx_word' id='word_1_213' title='bbox 686 2222 750 2272; x_wconf 87' lang='lat' dir='ltr'><strong>telis</strong></span> <span class='ocrx_word' id='word_1_214' title='bbox 765 2226 838 2272; x_wconf 88' lang='lat' dir='ltr'><strong>sunt.</strong></span> <span class='ocrx_word' id='word_1_215' title='bbox 876 2220 917 2270; x_wconf 88' lang='grc'><strong>16.</strong></span> 
     </span>
     <span class='ocr_line' id='line_1_31' title="bbox 112 2283 918 2355; baseline 0.004 -21"><span class='ocrx_word' id='word_1_216' title='bbox 112 2286 167 2344; x_wconf 72' lang='lat' dir='ltr'><strong>Qui</strong></span> <span class='ocrx_word' id='word_1_217' title='bbox 178 2285 335 2352; x_wconf 84' lang='lat' dir='ltr'><strong>effugerant</strong></span> <span class='ocrx_word' id='word_1_218' title='bbox 345 2283 464 2350; x_wconf 89' lang='lat' dir='ltr'><strong>hostem,</strong></span> <span class='ocrx_word' id='word_1_219' title='bbox 474 2292 522 2338; x_wconf 90' lang='lat' dir='ltr'><strong>aut</strong></span> <span class='ocrx_word' id='word_1_220' title='bbox 532 2288 568 2337; x_wconf 91' lang='lat' dir='ltr'><strong>im</strong></span> <span class='ocrx_word' id='word_1_221' title='bbox 572 2295 637 2355; x_wconf 88' lang='lat' dir='ltr'><strong>petu</strong></span> <span class='ocrx_word' id='word_1_222' title='bbox 648 2291 735 2341; x_wconf 88' lang='lat' dir='ltr'><strong>amnis</strong></span> <span class='ocrx_word' id='word_1_223' title='bbox 747 2289 833 2340; x_wconf 87' lang='lat' dir='ltr'><strong>ablati</strong></span> <span class='ocrx_word' id='word_1_224' title='bbox 844 2295 918 2349; x_wconf 89' lang='lat' dir='ltr'><strong>sunt,</strong></span> 
     </span>
     <span class='ocr_line' id='line_1_32' title="bbox 112 2353 919 2424; baseline 0.007 -25"><span class='ocrx_word' id='word_1_225' title='bbox 112 2356 160 2400; x_wconf 92' lang='lat' dir='ltr'><strong>aut</strong></span> <span class='ocrx_word' id='word_1_226' title='bbox 169 2353 320 2403; x_wconf 85' lang='lat' dir='ltr'><strong>verticibus</strong></span> <span class='ocrx_word' id='word_1_227' title='bbox 333 2354 471 2420; x_wconf 88' lang='lat' dir='ltr'><strong>impliciti.</strong></span> <span class='ocrx_word' id='word_1_228' title='bbox 506 2355 603 2422; x_wconf 88' lang='lat' dir='ltr'><strong>anue</strong></span> <span class='ocrx_word' id='word_1_229' title='bbox 616 2372 710 2424; x_wconf 87' lang='lat' dir='ltr'><strong>pugna</strong></span> <span class='ocrx_word' id='word_1_230' title='bbox 722 2357 840 2407; x_wconf 89' lang='lat' dir='ltr'><strong>multum</strong></span> <span class='ocrx_word' id='word_1_231' title='bbox 849 2353 919 2406; x_wconf 90' lang='lat' dir='ltr'><strong>Pori</strong></span> 
     </span>
     <span class='ocr_line' id='line_1_33' title="bbox 112 2417 919 2490; baseline 0.006 -22"><span class='ocrx_word' id='word_1_232' title='bbox 112 2417 241 2468; x_wconf 82' lang='lat' dir='ltr'><strong>fiduciam</strong></span> <span class='ocrx_word' id='word_1_233' title='bbox 261 2421 359 2481; x_wconf 82' lang='lat' dir='ltr'><strong>erexit,</strong></span> <span class='ocrx_word' id='word_1_234' title='bbox 379 2428 478 2472; x_wconf 81' lang='lat' dir='ltr'><strong>cuncta</strong></span> <span class='ocrx_word' id='word_1_235' title='bbox 498 2426 638 2475; x_wconf 89' lang='lat' dir='ltr'><strong>cernentis</strong></span> <span class='ocrx_word' id='word_1_236' title='bbox 658 2423 757 2490; x_wconf 87' lang='lat' dir='ltr'><strong>eripa.</strong></span> <span class='ocrx_word' id='word_1_237' title='bbox 796 2424 836 2474; x_wconf 85' lang='grc'><strong>17.</strong></span> <span class='ocrx_word' id='word_1_238' title='bbox 855 2421 919 2473; x_wconf 79' lang='lat' dir='ltr'><strong>Ale-</strong></span> 
     </span>
     <span class='ocr_line' id='line_1_34' title="bbox 111 2484 919 2552; baseline 0.004 -16"><span class='ocrx_word' id='word_1_239' title='bbox 111 2484 225 2548; x_wconf 86' lang='lat' dir='ltr'><strong>xander,</strong></span> <span class='ocrx_word' id='word_1_240' title='bbox 245 2485 325 2552; x_wconf 88' lang='lat' dir='ltr'><strong>inops</strong></span> <span class='ocrx_word' id='word_1_241' title='bbox 338 2489 458 2551; x_wconf 86' lang='lat' dir='ltr'><strong>consilii,</strong></span> <span class='ocrx_word' id='word_1_242' title='bbox 473 2491 586 2542; x_wconf 87' lang='lat' dir='ltr'><strong>tandem</strong></span> <span class='ocrx_word' id='word_1_243' title='bbox 597 2493 631 2542; x_wconf 84' lang='lat' dir='ltr'><strong>ed</strong></span> <span class='ocrx_word' id='word_1_244' title='bbox 641 2491 794 2544; x_wconf 85' lang='lat' dir='ltr'><strong>failendum</strong></span> <span class='ocrx_word' id='word_1_245' title='bbox 805 2487 919 2542; x_wconf 87' lang='lat' dir='ltr'><strong>bostem</strong></span> 
     </span>
     <span class='ocr_line' id='line_1_35' title="bbox 110 2552 920 2624; baseline 0.007 -23"><span class='ocrx_word' id='word_1_246' title='bbox 110 2552 193 2602; x_wconf 88' lang='lat' dir='ltr'><strong>talem</strong></span> <span class='ocrx_word' id='word_1_247' title='bbox 205 2552 300 2604; x_wconf 91' lang='lat' dir='ltr'><strong>dolum</strong></span> <span class='ocrx_word' id='word_1_248' title='bbox 310 2555 439 2608; x_wconf 87' lang='lat' dir='ltr'><strong>intendit.</strong></span> <span class='ocrx_word' id='word_1_249' title='bbox 459 2557 527 2608; x_wconf 84' lang='lat' dir='ltr'><strong>Erat</strong></span> <span class='ocrx_word' id='word_1_250' title='bbox 538 2559 665 2610; x_wconf 90' lang='lat' dir='ltr'><strong>insulain</strong></span> <span class='ocrx_word' id='word_1_251' title='bbox 677 2559 789 2611; x_wconf 88' lang='lat' dir='ltr'><strong>flumine</strong></span> <span class='ocrx_word' id='word_1_252' title='bbox 797 2555 920 2624; x_wconf 86' lang='lat' dir='ltr'><strong>amplior</strong></span> 
     </span>
     <span class='ocr_line' id='line_1_36' title="bbox 110 2620 918 2694; baseline 0.011 -27"><span class='ocrx_word' id='word_1_253' title='bbox 110 2621 220 2681; x_wconf 82' lang='lat' dir='ltr'><strong>ceteris,</strong></span> <span class='ocrx_word' id='word_1_254' title='bbox 242 2620 379 2673; x_wconf 87' lang='lat' dir='ltr'><strong>silvestris</strong></span> <span class='ocrx_word' id='word_1_255' title='bbox 399 2624 496 2675; x_wconf 83' lang='lat' dir='ltr'><strong>eadem</strong></span> <span class='ocrx_word' id='word_1_256' title='bbox 515 2631 543 2675; x_wconf 85' lang='lat' dir='ltr'><strong>et</strong></span> <span class='ocrx_word' id='word_1_257' title='bbox 561 2628 690 2694; x_wconf 89' lang='lat' dir='ltr'><strong>tegendis</strong></span> <span class='ocrx_word' id='word_1_258' title='bbox 709 2626 821 2677; x_wconf 85' lang='lat' dir='ltr'><strong>insidiis</strong></span> <span class='ocrx_word' id='word_1_259' title='bbox 841 2631 918 2692; x_wconf 79' lang='lat' dir='ltr'><strong>apta.</strong></span> 
     </span>
     <span class='ocr_line' id='line_1_37' title="bbox 110 2683 920 2761; baseline 0.014 -29"><span class='ocrx_word' id='word_1_260' title='bbox 110 2683 200 2735; x_wconf 89' lang='lat' dir='ltr'><strong>Fossa</strong></span> <span class='ocrx_word' id='word_1_261' title='bbox 210 2701 320 2753; x_wconf 89' lang='lat' dir='ltr'><strong>quoque</strong></span> <span class='ocrx_word' id='word_1_262' title='bbox 331 2692 457 2756; x_wconf 89' lang='lat' dir='ltr'><strong>praealta</strong></span> <span class='ocrx_word' id='word_1_263' title='bbox 467 2690 540 2741; x_wconf 89' lang='lat' dir='ltr'><strong>haud</strong></span> <span class='ocrx_word' id='word_1_264' title='bbox 548 2695 648 2758; x_wconf 88' lang='lat' dir='ltr'><strong>procul</strong></span> <span class='ocrx_word' id='word_1_265' title='bbox 657 2710 674 2746; x_wconf 89' lang='lat' dir='ltr'><strong>a</strong></span> <span class='ocrx_word' id='word_1_266' title='bbox 684 2696 757 2760; x_wconf 88' lang='lat' dir='ltr'><strong>ripa,</strong></span> <span class='ocrx_word' id='word_1_267' title='bbox 778 2707 861 2761; x_wconf 79' lang='lat' dir='ltr'><strong>quam</strong></span> <span class='ocrx_word' id='word_1_268' title='bbox 876 2697 920 2744; x_wconf 91' lang='lat' dir='ltr'><strong>te·</strong></span> 
     </span>
     <span class='ocr_line' id='line_1_38' title="bbox 110 2750 919 2827; baseline 0.015 -29"><span class='ocrx_word' id='word_1_269' title='bbox 110 2750 195 2801; x_wconf 87' lang='lat' dir='ltr'><strong>nebat</strong></span> <span class='ocrx_word' id='word_1_270' title='bbox 205 2754 274 2818; x_wconf 89' lang='lat' dir='ltr'><strong>ipse,</strong></span> <span class='ocrx_word' id='word_1_271' title='bbox 295 2769 351 2805; x_wconf 91' lang='lat' dir='ltr'><strong>non</strong></span> <span class='ocrx_word' id='word_1_272' title='bbox 360 2757 470 2822; x_wconf 85' lang='lat' dir='ltr'><strong>pedites</strong></span> <span class='ocrx_word' id='word_1_273' title='bbox 481 2759 574 2822; x_wconf 92' lang='lat' dir='ltr'><strong>modo,</strong></span> <span class='ocrx_word' id='word_1_274' title='bbox 595 2763 645 2814; x_wconf 90' lang='lat' dir='ltr'><strong>sed</strong></span> <span class='ocrx_word' id='word_1_275' title='bbox 661 2767 744 2815; x_wconf 84' lang='lat' dir='ltr'><strong>etiam</strong></span> <span class='ocrx_word' id='word_1_276' title='bbox 758 2774 820 2811; x_wconf 89' lang='lat' dir='ltr'><strong>oum</strong></span> <span class='ocrx_word' id='word_1_277' title='bbox 835 2761 919 2827; x_wconf 84' lang='lat' dir='ltr'><strong>equis</strong></span> 
     </span>
    </p>
   </div>
   <div class='ocr_carea' id='block_1_4' title="bbox 0 0 1046 3042">
    <p class='ocr_par' dir='ltr' id='par_1_4' title="bbox 0 0 1046 3042">
     <span class='ocr_line' id='line_1_39' title="bbox 0 0 1046 3042; baseline 0 0"><span class='ocrx_word' id='word_1_278' title='bbox 0 0 1046 3042; x_wconf 95' lang='lat' dir='ltr'><strong> </strong></span> 
     </span>
    </p>
   </div>
  </div>
 </body>
</html>
