2082 3042
145 215 195 268 202
362 209 534 274 QUINTI
561 210 729 266 courir

145 316 237 385 gressi
247 320 323 365 sunt:
344 314 455 375 deinde,
474 319 505 363 ut
517 315 546 364 in
562 317 710 379 praerupta
720 316 880 377 perventum
892 318 947 374 est,
1035 305 1036 320 ¹

145 384 195 434 alii
213 383 339 432 manibus
360 381 509 432 eminentia
528 395 596 432 saxa
610 379 748 445 complexi
764 378 893 429 levavere
903 393 949 431 se-

145 456 214 512 met3
235 449 282 501 alii
293 449 409 499 adiectis
421 447 527 498 funium
538 447 645 513 laqueis
656 461 781 507 evasere,
806 461 889 512 quum
901 461 949 498 eu·

146 532 215 568 neos
225 517 299 568 inter
309 529 379 566 saxa
389 515 555 582 defigerent,
567 519 628 580 quis
640 514 742 580 gradus
752 512 870 564 subinde
881 514 950 566 insi-

146 589 260 636 sterent.
295 583 378 632 Diem
391 583 464 632 inter
477 589 578 631 metum
593 581 772 646 laboremque
787 595 950 634 consumse-

145 658 218 704 runt.
254 651 294 702 lt.
314 649 369 700 Per
387 663 485 714 aspera
505 650 594 700 enixis
614 648 727 698 duriora
746 647 900 710 restabant,
920 657 950 700 et

146 733 273 770 creseere
284 715 401 768 altitudo
413 725 508 782 petrae
520 715 672 766 videbatur.
696 715 746 766 llla
755 729 822 765 vero
834 715 948 766 misera·

144 787 210 838 bilis
221 792 282 836 erat
291 784 476 850 facies,quunr
487 784 592 850 ii,quos
604 782 742 834 instabilis
752 783 856 850 gratim
867 781 949 834 fefel-

145 855 228 916 lerat,
248 868 283 903 ex
302 851 448 918 praecipiti
467 851 690 902 devolverentur.
725 850 793 900 Mox
807 849 949 904 eademiu
1035 871 1036 906 3

147 936 178 972 se
187 920 319 987 patienda
332 919 415 971 alieni
429 933 510 969 casus
526 917 693 969 ostendebat
705 919 870 982 exemplum.
907 919 948 970 17.
1034 923 1036 966 J

148 988 202 1040 Per
221 987 270 1038 lias
289 994 380 1038 tamen
401 986 580 1036 difficultates
601 985 742 1036 enituntur
760 985 790 1034 in
813 985 947 1036 verticem
1035 991 1036 1030 l

145 1057 258 1116 montis,
269 1069 365 1104 omnes
376 1052 544 1120 fatigatione
554 1053 707 1103 continuati
720 1052 825 1106 laboris
837 1052 948 1118 affeeti3

148 1123 258 1189 quidam
270 1121 376 1172 multati
388 1128 466 1186 parte
477 1121 677 1183 membraneum
688 1120 847 1188 pariterque
859 1135 910 1172 eos
921 1127 950 1172 et

147 1205 204 1242 nox
214 1196 242 1240 et
252 1203 365 1239 sonrnus
376 1189 524 1253 oppressit.
561 1187 600 1238 18.
620 1187 721 1238 Stratis
732 1188 835 1254 passim
850 1204 949 1256 corpo-

146 1259 224 1308 ribus
234 1257 262 1305 in
272 1255 355 1304 inviis
367 1257 432 1305 etin
443 1255 548 1320 asperis
559 1270 703 1316 saxorum,
718 1255 833 1320 periculi
844 1256 949 1306 instan-

146 1325 183 1374 tis
204 1321 285 1371 obliti
304 1321 332 1370 iu
349 1321 437 1371 lucem
454 1323 629 1389 quieveruut:
649 1323 815 1388 tandemque
827 1325 950 1376 velutex

147 1391 205 1441 alto
215 1401 318 1453 sopore
329 1388 453 1450 excitati,
471 1389 595 1442 oeeultus
607 1389 802 1457 subiectosque
812 1392 884 1457 ipsis
896 1392 950 1442 val-

146 1458 189 1510 les
199 1457 341 1518 rimantes,
361 1455 450 1523 ignari
462 1457 489 1506 in
501 1471 555 1522 qua
567 1463 644 1522 parte
654 1465 750 1523 petrae
760 1465 836 1509 tanta
847 1460 890 1509 vis
902 1457 951 1509 ho·

147 1525 231 1576 stium
251 1524 364 1576 condita
382 1530 466 1585 esset,
485 1523 590 1575 fumum
611 1539 711 1590 sperus
730 1524 804 1576 infra
822 1541 852 1576 sa
873 1527 950 1592 ipsos

147 1593 288 1644 evolutum
300 1597 474 1642 notaverunt.
509 1593 615 1659 Exque
628 1592 797 1644 intellectum
809 1599 862 1656 est,
874 1595 949 1644 illum

147 1659 269 1711 hostium
279 1659 414 1710 latebram
426 1675 497 1711 esse.
523 1661 562 1710 rt.
575 1661 670 1726 ltaque
682 1658 769 1710 hastis
781 1662 949 1727 imposuere,
1035 1691 1036 1716 1

148 1727 223 1794 quod
236 1735 405 1778 convenerat
419 1728 539 1795 signumz
558 1734 674 1794 totoque
686 1742 701 1777 e
713 1743 827 1778 numero
839 1729 911 1780 duos
922 1736 951 1780 et
1035 1747 1036 1782 3

147 1795 229 1846 XXX
239 1795 266 1845 in
278 1810 394 1847 ascensu
405 1796 545 1846 interiisse
557 1803 737 1862 cognoscunt.
773 1797 813 1845 2⁰.
826 1797 884 1847 lies
896 1811 951 1846 nun

148 1864 278 1929 cupidine
300 1863 387 1930 magis
408 1864 533 1928 potiundi
553 1863 618 1923 lori,
639 1878 719 1929 quam
739 1863 827 1914 vicem
843 1878 951 1927 eorum,
1035 1855 1036 1888 ³

149 1947 219 1999 quos
230 1931 264 1979 ud
275 1937 330 1980 tam
341 1929 516 1980 manifestum
531 1931 683 1995 periculum
697 1931 824 1991 nriserut,
844 1930 951 1982 solliei-

88 2033 89 2036 ,
147 2005 202 2058 tus,
212 2004 272 2048 tuto
283 1997 328 2046 die
340 1998 484 2047 cacumina
494 2000 596 2048 montis
605 1998 715 2048 intuens
726 1998 838 2050 restitit.
857 1997 952 2050 Noetu
1035 1993 1036 2060 ἶ

149 2066 270 2124 demum,
282 2078 362 2129 quum
375 2063 530 2114 obscuritas
541 2074 718 2130 conspectum
730 2065 875 2117 oculorum
886 2067 951 2117 ude·
1035 2075 1036 2108 1

148 2134 255 2193 misset,
274 2130 309 2179 ad
326 2132 475 2181 curandum
490 2147 591 2197 corpus
605 2133 730 2182 recessit.
767 2135 808 2183 21.
829 2133 952 2185 Postero
1035 2165 1036 2170 =

149 2201 195 2250 die
205 2197 326 2248 nrrnduru
338 2197 408 2248 satis
419 2197 494 2250 clara
506 2199 567 2249 luce
579 2201 681 2266 primus
693 2200 763 2262 mla,
785 2201 895 2266 signum
906 2216 951 2252 ea·
1035 2211 1036 2226 ¹

147 2267 187 2332 pti
199 2265 322 2324 verticis,
333 2267 488 2330 conspexit.
507 2267 562 2317 Sed
575 2281 609 2318 ne
619 2266 764 2317 falleretur·
774 2269 860 2328 aries,
872 2269 951 2320 dubi·
1035 2283 1036 2340 3

148 2340 209 2382 tare
224 2331 343 2398 ungebat
357 2333 477 2384 varietas
492 2334 578 2396 coeli,
598 2350 669 2385 nuno
684 2336 865 2387 internitente
881 2337 952 2396 lueis
1035 2353 1036 2366 ³

148 2398 270 2464 fulgore,
281 2415 353 2450 nune
363 2401 486 2452 condito.
515 2402 616 2454 Verum
628 2411 658 2453 ut
668 2402 800 2468 liquidior
812 2403 857 2454 lux
869 2419 952 2471 appa·

148 2468 204 2517 ruit
215 2467 311 2528 coelo,
332 2467 468 2520 dubitatio
489 2477 599 2521 exenrta
619 2477 674 2529 est3
702 2471 744 2520 22.
766 2481 950 2538 vocatumque

148 2533 275 2602 Cophen,
296 2550 345 2602 per
360 2552 440 2603 qoem
456 2537 636 2588 barbarorum
655 2537 763 2588 animos
782 2545 952 2602 tentaverat,
1035 2541 1036 2560 ¹

146 2604 232 2654 mittit
247 2603 280 2652 ad
301 2618 360 2665 eus,
380 2606 428 2670 qui
446 2613 581 2665 nrrineret,
601 2621 673 2656 nune
692 2606 790 2657 saltem
810 2607 952 2658 salubrius

87 2683 94 2703 ¹
146 2671 293 2724 eonsilium
303 2672 414 2724 inirent.
450 2672 953 2739 sinouonfidociatootper-severa·
1035 2685 1036 2710 l

146 2751 216 2801 rent,
237 2740 347 2792 ostendi
369 2755 480 2808 arergo
495 2739 587 2802 iussit,
606 2743 653 2808 qui
663 2744 952 2809 ceperantrertiaenr.
993 2749 1000 2762 '
1035 2741 1036 2794 1
