2036 3030
128 165 161 213 ll
310 160 447 212 lGANN.
476 161 752 214 FREINSHEMll

128 271 180 316 est.
217 265 288 314 Tres
306 263 396 330 pueri,
413 263 587 330 totidemque
602 263 712 330 puellae
727 262 889 315 constribus
900 266 942 316 ui-

129 332 187 400 gris
198 330 335 382 arietibus
345 329 464 382 confusa
472 338 568 398 strage
577 330 717 393 iacebant,
737 346 808 399 quos
824 331 943 384 barbari

128 397 269 465 sacrilego
283 413 365 449 sacro
381 399 435 450 diis
446 400 504 450 sois
520 399 740 461 immolaverant,
759 414 815 466 quo
833 413 943 466 pugna·
1009 443 1010 446 ,

128 468 200 518 turis
211 465 355 516 audaciam
365 468 543 536 inspirarent.
563 465 619 518 Sed
628 466 729 518 vindex
740 481 840 517 numen
849 468 940 518 scele—
1009 463 1010 484 ¹

129 533 330 585 stismentiltus
342 549 392 602 pro
403 535 508 584 virtute
518 533 677 584 vecordiam
687 534 791 585 iniecit.
814 535 857 584 2⁰.
877 534 941 587 Rex

127 601 492 668 intramoeniacompulsos
502 601 586 659 ducto
598 601 739 652 exteriore
755 616 835 652 muro
852 601 939 653 inter-

129 668 243 720 cludere
254 675 404 731 statuerut3
423 684 506 734 quum
516 669 654 735 postridie
669 683 729 719 cum
743 669 852 736 magnis
861 670 939 721 'l'au-
1009 693 1010 696 ¹

128 736 279 788 laetiorum
290 737 380 803 copiis
391 735 524 787 Glaucias
536 737 657 788 advenit.
695 737 737 787 lta
755 751 805 802 spe
826 737 938 802 capien-

129 803 182 854 dae
196 805 273 856 urbis
288 805 410 865 abiecta,
448 803 570 855 uomodo
589 811 651 856 tuto
671 803 839 864 discederet,
860 807 939 872 cogi-

128 873 215 924 tabat.
250 874 292 922 21.
320 872 433 922 interim
469 869 557 922 hilota
575 872 938 922 cumiumentiscastrensi-

129 939 190 1001 bus,
210 944 240 990 et
252 939 394 1006 praesidio
405 939 529 1004 equitum
539 938 736 991 frumentatum
746 939 843 999 misso,
863 953 938 988 com-

130 1009 211 1073 perit,
231 1021 298 1056 suos
315 1007 344 1056 in
365 1005 525 1056 discrimine
545 1008 663 1070 versari3
689 1007 790 1073 quippe
805 1005 939 1057 Glaucias

131 1074 220 1124 colles
232 1085 329 1137 campo
341 1073 529 1124 circumdatos
550 1081 744 1140 occupaverat,
764 1075 792 1124 in
812 1073 940 1126 occasio·

119 1155 193 1205 ,nem
204 1139 345 1206 gerendae
355 1139 395 1189 rei
406 1139 539 1190 intentus.
576 1141 618 1190 22.
647 1140 929 1221 lgituradversusop

150 1208 296 1257 idaoorum
306 1207 479 1272 eruptionem
490 1214 568 1272 parte
581 1215 721 1258 exercitus
732 1209 758 1259 in
778 1208 878 1260 castris
898 1223 943 1260 re-

130 1222 210 1335 dictu,
229 1288 290 1324 cum
310 1275 413 1325 ceteris
428 1276 517 1341 copiis
527 1275 645 1356 impigre
656 1275 799 1342 proiectos
810 1282 866 1339 est3
885 1282 943 1326 ter-

130 1340 250 1408 ritisque
269 1341 383 1408 lllyriis,
404 1343 588 1408 suosrecepit
600 1343 762 1394 incolumes.
797 1343 840 1396 23.
860 1344 942 1395 Cete-

130 1423 192 1458 rum
211 1411 267 1460 tter
287 1407 397 1460 facturo
421 1409 569 1460 marimum
592 1411 746 1477 pericolum
767 1411 943 1462 imminebat.

130 1475 206 1528 Hinc
226 1474 336 1537 flumen,
356 1476 422 1527 inde
442 1478 585 1544 praerupti
603 1478 738 1545 ardoi'qoe
757 1478 846 1529 colles
867 1480 942 1528 riam

132 1545 322 1605 coarctabant,
342 1544 443 1595 relicto
462 1545 574 1608 itinere,
594 1546 667 1612 quod
688 1546 781 1596 moltis
801 1545 874 1596 locis
894 1547 942 1598 vix

132 1616 284 1678 quaternos
304 1618 426 1662 armatos
443 1619 573 1679 caperet:
600 1613 735 1664 montium
753 1614 829 1682 iugrs
849 1612 941 1665 Clitus

132 1684 215 1746 atque
227 1677 358 1730 Glaucias
375 1679 584 1746 sagittariorum
601 1689 630 1732 et
648 1680 819 1732 funditorum
839 1679 940 1732 cohor-

130 1753 175 1798 tes
194 1761 376 1816 magnamque
392 1750 485 1816 gravis
500 1755 656 1799 aruraturae
670 1764 780 1799 manum
799 1748 941 1816 imposne·
1009 1763 1010 1778 ¹

130 1821 202 1867 rant.
230 1814 271 1865 al.
290 1815 454 1878 Alexander,
470 1816 599 1867 ducentis
609 1817 750 1883 equitibus
760 1823 824 1866 ante
837 1823 942 1867 utrum·

132 1897 185 1951 que
195 1882 342 1950 phalang's
352 1899 439 1934 cornu
449 1883 607 1944 collocatis,
617 1884 743 1950 imperat,
757 1890 787 1933 ut
797 1884 941 1951 erigerent

132 1950 240 2013 hastam
259 1966 322 2000 mox
334 1952 416 2017 signo
427 1951 493 2000 dato
505 1964 602 2000 versus
614 1948 718 2013 hostes,
739 1957 871 2018 tanquam
890 1953 940 2002 im-

131 2016 346 2085 petumfactori,
368 2015 487 2067 infestas
506 2019 715 2082 protenderent,
735 2019 819 2070 modo
831 2020 860 2070 in
871 2018 939 2070 dex-

130 2094 222 2148 trum,
251 2084 335 2134 modo
356 2085 386 2135 in
404 2083 546 2135 sinistrum
567 2085 639 2136 latos
659 2087 778 2137 invicem
800 2087 938 2138 conversi.

131 2154 172 2203 ²5.
188 2151 337 2216 suspensis
347 2166 382 2202 eo
393 2158 549 2203 commento
561 2150 699 2214 hostibus,
718 2153 884 2222 phalangem
894 2165 938 2204 ra-

130 2221 199 2284 ptim
209 2233 387 2287 progressam
398 2234 470 2270 nunc
480 2218 507 2268 in
519 2220 612 2287 plures
632 2222 708 2272 acies
729 2221 845 2284 diducit,
865 2237 939 2273 nunc
1009 2263 1010 2272 ,

131 2287 248 2337 divisam
259 2285 382 2353 colligit,
401 2286 437 2337 ad
448 2295 601 2339 extremum
612 2303 701 2340 cuneo
711 2287 797 2350 iacto,
818 2291 846 2340 in
857 2289 938 2340 laeva
1009 2303 1010 2358 ζ

130 2352 290 2419 lllyriorum
301 2354 441 2418 praesidia
451 2362 564 2406 strenue
573 2355 667 2408 infert.
704 2355 745 2406 at.
772 2356 937 2420 llli,celeri·
1009 2381 1010 2386 =

131 2426 189 2470 tate
201 2421 339 2486 etperitia
350 2421 532 2474 Macedonum
543 2423 572 2473 in
583 2432 725 2491 stuporem
740 2425 823 2486 versi,
843 2423 938 2476 deser·

130 2489 177 2551 tia,
195 2503 266 2556 qnos
285 2494 441 2552 tenuerant,
462 2490 611 2553 montibus,
630 2506 729 2542 versus
747 2491 844 2542 urbem
863 2490 937 2542 relu-
1009 2515 1010 2550 3

131 2561 239 2624 gerunt.
275 2555 317 2606 at.
348 2557 431 2608 Pauci
452 2558 615 2609 restiterant
632 2561 661 2609 in
682 2557 758 2609 edito
779 2559 863 2622 colle,
883 2573 938 2625 qua
1009 2585 1010 2620 ,

129 2625 185 2676 iam
206 2623 357 2675 transierat
380 2626 564 2678 Macedonum
589 2639 698 2691 agmen.
743 2625 782 2676 lis
807 2625 938 2686 deiectis,
1009 2627 1010 2662 l

130 2690 286 2742 Alexander
300 2692 409 2743 duobus
424 2691 485 2742 iore
504 2691 626 2742 millibus
645 2692 829 2759 Agriauorum
850 2693 934 2759 sagit·

901 2845 903 2850 '
914 2853 918 2880 ι
