2082 3042
89 167 140 222 308
307 163 478 223 uulNTl
506 163 675 214 CURTll

90 268 120 318 in
130 265 254 334 Illyrios,
274 264 410 316 victorem
420 265 567 333 scripsisse
578 280 609 315 se
619 265 701 330 patri,
722 261 802 314 fusos
816 261 897 330 iuga·

90 341 191 399 tuaque
201 330 310 395 hostess
321 347 373 382 nec
383 331 507 383 adfuisse
518 347 637 398 unquam
648 329 816 410 Philippum.
853 329 895 381 26.

90 399 189 450 Laude
200 399 300 466 dignos
312 413 384 463 esse,
395 414 450 451 non
461 397 724 467 quiSamothracum
734 398 816 449 initia
825 399 897 448 vise·

12 491 18 500 ω
90 472 162 530 rent,
179 480 261 533 quum
271 467 364 518 Asiam
373 468 417 518 uri
427 467 585 534 vastarique
598 471 753 532 oporteret3
776 465 897 528 sedeas,

92 535 141 602 qui
159 533 349 601 magnitudine
367 549 460 586 rerum
480 533 563 584 iidem
582 533 809 584 antecessissent.
854 533 897 583 ²7.

91 601 172 653 Haec
183 607 212 652 et
222 599 264 652 his
275 601 378 652 similia
388 602 457 652 laeti
467 601 581 651 audiere
594 601 722 651 iuvenes:
732 601 845 666 ingrata
855 615 899 650 se·
946 629 948 632 -

47 675 49 680 ’
92 669 218 721 nioribus
230 674 318 731 erant,
338 671 457 720 maxime
468 667 758 738 propterPhilippum,
779 667 898 732 subque

93 736 196 789 diutius
208 737 342 787 vixerant.
378 737 420 787 28.
439 738 511 788 Tum
531 735 629 798 Clitus,
650 751 684 786 ne
704 736 764 802 ipse
785 734 900 801 quidem

92 804 293 870 satisusobrius,
305 804 341 854 ad
351 818 411 867 eos,
430 804 479 871 qui
487 803 562 854 inira
570 805 660 870 ipsum
672 803 818 864 cubabant,
833 816 899 853 con-

92 885 202 934 versus,
212 871 355 939 Euripidis
367 872 464 924 retulit
475 885 598 933 carmen,
609 872 650 921 ita
660 876 691 922 ut
700 885 787 921 sonus
797 870 898 938 magis,

92 953 173 1005 quam
184 953 275 990 sermo
288 939 416 990 exaudiri
426 944 524 1008 posset
533 954 550 989 a
560 953 642 1006 rege:
678 937 720 988 29.
735 953 795 1055 3¹¹⁰
812 930 898 1004 signi=

92 1007 235 1070 ficabatur,
256 1007 329 1058 male
349 1007 505 1058 instituisse
520 1005 655 1068 Graecos,
678 1019 732 1073 quo
772 1007 898 1071 tropaeis

91 1087 189 1142 regum
208 1074 351 1125 dumtaxat
370 1075 483 1124 nomina
495 1067 694 1124 inscriberent:
714 1072 807 1124 alieno
825 1075 898 1124 enim

92 1142 228 1209 sanguine
238 1147 345 1206 partam
356 1140 476 1208 gloriam
484 1141 623 1208 intercipi.
642 1141 739 1208 ltaque
748 1154 808 1202 rex,
815 1156 899 1208 quum

91 1208 281 1274 suspicaretur
290 1207 439 1274 malignius
451 1206 575 1260 habitum
585 1222 648 1260 esse
659 1221 826 1271 sermonem,
837 1222 898 1274 per-

92 1275 201 1324 contari
219 1274 363 1338 proximos
383 1275 486 1342 coepit,
507 1275 573 1342 quid
594 1289 629 1326 ex
648 1277 723 1328 clito
743 1275 899 1328 audissent.

91 1341 133 1391 33.
152 1339 189 1390 Et
197 1339 255 1390 illis
266 1340 301 1392 ad
312 1340 454 1392 silentium
469 1341 628 1405 obstinatis,
651 1343 740 1395 Clitus
752 1343 900 1410 paullatim

92 1406 199 1458 maiore
212 1420 282 1459 voce
294 1405 417 1477 Philippi
431 1415 495 1460 ecte
507 1409 637 1478 bellaque
647 1413 677 1464 in
689 1411 810 1462 Graecia
817 1418 901 1478 gesta

93 1481 301 1539 commemorat,
322 1479 415 1528 omnia
433 1478 628 1543 praesentibus
649 1478 820 1546 praeferens.
856 1479 899 1532 31.

92 1540 166 1592 Hinc
176 1542 250 1592 inter
260 1542 385 1595 iuniores
396 1559 533 1614 senesque
544 1551 607 1596 orta
617 1547 760 1598 contentio
773 1551 825 1598 est.
864 1547 902 1599 Et

92 1623 151 1671 rex,
171 1608 249 1660 velut
265 1611 405 1677 patienter
423 1613 543 1675 audiret,
565 1613 730 1680 quisclitus
750 1613 902 1669 obterebat

91 1675 191 1729 laudes
202 1679 272 1740 cius,
282 1679 424 1746 ingentem
434 1679 504 1730 iram
515 1688 690 1748 conceperat.
713 1682 754 1732 33.
767 1681 900 1735 Ceterum

92 1757 176 1812 quum
186 1745 278 1796 animo
289 1746 432 1799 rideretur
441 1749 636 1814 imperaturus,
645 1749 668 1799 si
680 1748 762 1799 finem
772 1751 900 1816 procaci·

91 1816 136 1864 ter
146 1817 208 1864 orto
220 1815 343 1865 sermoni
353 1814 442 1866 Clitus
452 1816 618 1882 imponeret,
629 1814 699 1868 nihil
710 1829 744 1868 eo
755 1819 900 1871 remitten-

92 1884 121 1931 te
140 1881 229 1947 magis
249 1882 475 1948 exasperabatur.
511 1883 553 1934 33.
573 1883 686 1951 lamque
706 1885 796 1937 clitus
812 1887 900 1938 etiam

92 1945 304 1998 Parmenionem
328 1947 479 2001 defendere
502 1949 635 2012 audebat,
665 1958 694 2002 et
716 1950 790 2003 Phili
811 1953 839 2020 pi
863 1953 899 2005 de

92 2012 305 2066 Atheniensibus
325 2015 471 2067 victoriam
486 2015 645 2069 Thebarum
658 1969 838 2085 praeiereget
853 2035 900 2073 ex·

93 2080 182 2144 cidi03
194 2095 249 2132 non
262 2081 324 2133 vino
335 2081 429 2144 modo,
438 2084 488 2134 sed
499 2087 582 2136 etiam
594 2087 679 2138 animi
688 2101 775 2152 prava
784 2094 900 2140 conten·

91 2149 170 2199 tione
181 2153 339 2215 provectus.
376 2149 417 2199 34.
436 2150 476 2201 Ad
488 2152 624 2217 ultimum,
636 2153 667 2204 Si
675 2153 900 2218 moriendumin·

93 2216 162 2281 quit,
184 2221 281 2284 estprc
292 2221 327 2276 te,
349 2213 433 2267 wass
444 2225 485 2268 est
493 2218 611 2284 primas:
630 2227 661 2272 at
674 2235 754 2288 qaam
767 2221 901 2274 victoriae

92 2279 236 2359 arbitrium
246 2279 315 2347 agis,
322 2282 499 2351 praecipuam
502 2285 605 2357 ferant
607 2288 768 2356 praemium,
781 2289 900 2358 qaiprc-

93 2347 526 2414 cacseamepatrs‘staimemariae
536 2354 656 2407 laudam.
678 2356 720 2408 35.
732 2356 903 2426 Sogdianam
948 2366 955 2382 ‘

91 2411 903 2558 {satellitiis‚itatatlaitbtttt

250 2520 258 2547 s
756 2529 763 2543 ι

92 2548 211 2619 adferas
223 2549 327 2614 baefias,
332 2555 497 2635 praecipitia
506 2554 617 2626 ingenia
626 2557 747 2610 sortitas.
783 2557 826 2610 36.
846 2558 904 2610 aea

94 2617 209 2696 qaaead
217 2629 531 2704 mepeatsaeattransec:
550 2622 900 2706 Paasppsmaampanb,

93 2681 198 2746 ablatas,
217 2703 270 2739 aas
282 2686 328 2740 lac
336 2688 483 2742 Athamas
497 2707 577 2742 cenea
589 2708 708 2745 suasores
717 2707 841 2764 pugnam
855 2693 901 2746 de·
