2098 3040
99 179 149 234 386
269 229 271 234 ,
310 177 485 241 'Qu1NT1
519 177 701 230 cun'ru,

98 283 281 348 Babylonem.
318 283 484 350 cypriorum
494 279 608 346 regibus
618 280 795 346 imperatum,
811 283 844 332 ut
853 294 905 362 aes

98 355 332 468 iiiiiitiiii
347 345 905 483 iiiiiftiiiitinitniiiiiiii

98 484 207 546 morbo,
218 481 384 552 Philippum,
396 482 568 548 prusieoturn
578 482 679 549 ipsius,
690 497 725 532 ex
734 481 850 534 vulnere
860 483 903 534 iu·

98 551 223 613 tulisse,
244 565 448 634 oppressosque
469 551 516 616 qui
536 550 732 616 vulnerassent
751 563 823 601 eum.
859 552 906 602 ti.

97 619 186 686 Igitur
200 616 330 686 Phihppo
350 619 495 671 substituit
507 617 722 670 Eudaemonem.
758 616 825 668 Dux
842 623 904 669 eret

98 685 245 738 Threcum.
279 686 403 737 Abisaris
414 699 531 752 regnum
542 685 601 736 lilio
613 684 674 737 eius
685 683 822 736 attribuit.
859 687 905 737 22„

97 741 217 809 Velitum
228 759 272 806 est
282 753 382 805 deinde
393 752 568 820 Peruagada:
583 751 700 804 Persice
710 757 755 804 est
764 766 841 819 gens,
855 768 905 817 eu-

39 856 42 864 ,
96 822 140 872 ius
151 827 278 888 satrapes
289 819 404 874 Orsines
415 826 498 882 erats
511 819 657 872 nobilitate
668 834 703 870 ae
711 819 817 872 divitiis
827 820 899 871 iuter

98 903 194 940 omnes
204 889 339 940 barbaros
353 891 487 942 eminens.
523 888 565 940 id.
578 886 680 938 ‹Genus
691 887 811 942 ducebat
821 902 839 936 e
848 887 903 954 Cy-

95 971 139 1020 ro,
158 955 298 1024 quondam
316 971 383 1024 rege
403 955 564 1008 Persarum:
585 969 653 1020 opes
674 960 703 1006 et
717 969 734 1004 e
746 955 903 1008 maioribus

96 1022 213 1076 traditas
228 1022 362 1086 habebut,
383 1026 485 1090 etipse
499 1024 586 1090 longa
599 1022 710 1089 imperii
719 1023 902 1089 possessione

96 1092 293 1143 cumulaverat.
328 1093 372 1143 id.
388 1091 416 1142 ls
430 1093 494 1158 regi
507 1106 570 1142 eum
585 1091 673 1142 omnis
684 1090 797 1158 generis
807 1087 902 1152 donis,

95 1174 151 1210 non
161 1159 216 1226 ipsi
226 1159 310 1211 modo
322 1175 368 1222 ee,
379 1160 431 1213 sed
442 1161 527 1211 etiarn
537 1159 634 1210 amieis
645 1157 706 1209 eius
716 1157 842 1220 daturus,
854 1171 901 1208 oe-

96 1225 190 1278 currit.
225 1226 369 1292 Equorum
385 1225 484 1278 domiti
502 1240 606 1294 greges
618 1225 817 1293 sequebantur,
839 1240 901 1276 cur-

94 1307 196 1358 rusque
208 1297 324 1360 argento
336 1299 365 1344 et
374 1307 443 1344 erue
452 1293 590 1355 adornati,
596 1296 722 1360 pretiosa
729 1292 905 1359 supellenet

94 1359 205 1410 nobiles
215 1374 356 1428 gemmam
366 1375 453 1412 eures
461 1363 557 1429 magni
564 1357 698 1428 ponderis
709 1377 784 1422 ress,
794 1367 902 1412 restes·

95 1439 148 1494 que
160 1441 328 1494 purpureae,
348 1434 377 1480 et
392 1429 496 1498 signati
511 1430 620 1496 argenti
635 1427 771 1482 talentum
781 1433 907 1496 qsmbsor

94 1493 191 1546 millis.
227 1495 269 1546 25.
289 1496 903 1564 ceterumunesbenignisssbarbaroosusa

94 1563 193 1614 mortis
213 1561 275 1615 fuit.
311 1562 381 1616 Nem
402 1579 484 1632 quum
502 1579 598 1617 omnes
610 1565 715 1618 amieos
729 1579 760 1616 re
781 1565 805 1614 is
818 1564 901 1616 donis

95 1645 179 1698 super
194 1633 319 1697 ipsorum
330 1633 560 1694 rotseoluisset;
578 1631 693 1699 Bagoae
708 1647 740 1698 sp
779 1634 835 1694 oni,
853 1631 903 1699 qui

94 1697 282 1752 Alexandrum
293 1700 428 1768 obsequio
440 1699 568 1766 eorporis
579 1699 743 1752 devinxerat
752 1699 819 1761 sibi,
841 1699 902 1750 nul·

94 1765 153 1818 lum
171 1764 306 1818 honorem
325 1765 431 1819 hebuit.
467 1767 509 1818 ab.
528 1767 745 1834 Admonitueque
761 1766 902 1834 equibus-

96 1833 169 1898 dem,
180 1849 261 1902 quam
270 1833 432 1886 Alexerrdro
444 1835 525 1886 cordi
534 1840 618 1896 esset,
628 1835 782 1901 respondit,
794 1835 902 1885 amieos

94 1901 180 1969 regis,
202 1909 371 1966 nonscorts,
392 1916 424 1954 se
433 1902 541 1953 colere:
561 1916 612 1952 nee
622 1902 709 1952 moris
720 1917 782 1955 esse
792 1899 903 1967 Persis„

95 1983 187 2020 mares
201 1967 313 2032 ducere,
333 1969 380 2036 qui
394 1973 491 2036 stupro
512 1967 748 2036 effemmurentur.
783 1971 825 2020 ii.
843 1968 902 2020 llis

95 2036 208 2100 auditis,
219 2038 306 2104 spado
318 2037 471 2103 potentiam
481 2034 589 2103 flagitio
600 2041 630 2088 et
640 2035 779 2089 dedecore
790 2035 900 2104 quoesi-

94 2106 192 2156 tamin
202 2110 285 2171 eaput
294 2104 465 2158 nobilissimi
473 2111 502 2154 et
510 2104 632 2158 insontis
647 2104 781 2158 exercuit
816 2103 902 2156 Nem·

96 2168 904 2308 roserresersus:sisimirus

110 2277 111 2280 ’
203 2277 211 2302 2

95 2305 234 2358 iussisset.
256 2309 298 2360 ²8·
309 2308 432 2370 Interim,
444 2307 557 2375 quoties
566 2308 626 2360 sine
637 2276 750 2362 arbitiis
760 2313 831 2370 erat,
841 2321 900 2358 ere·

96 2372 176 2424 dulas
185 2375 262 2441 regis
272 2389 354 2428 aures
364 2375 508 2442 implebat,
519 2375 697 2428 dissimulans
706 2391 819 2433 essem
829 2375 900 2435 irae,

97 2455 150 2507 quo
162 2442 274 2508 gravior
286 2443 460 2495 criminantis
475 2444 628 2496 auotoritas
645 2449 728 2503 esset
765 2442 807 2510 si„
824 2441 902 2496 Non-

97 2507 162 2559 dum
172 2516 318 2576 suspeetus
329 2516 390 2564 eret
400 2511 526 2576 Orsines,
535 2511 592 2564 iem
600 2517 694 2564 temen
705 2511 798 2564 vilior.
824 2509 903 2562 usus

97 2576 213 2627 enimin
228 2583 338 2628 secreto
355 2579 500 2646 agebatur,
518 2579 631 2632 latentis
642 2580 762 2646 perieuli
771 2579 902 2646 ignarus:

98 2645 126 2691 et
133 2641 400 2708 imnnrmnissimum
411 2654 546 2710 scortum,
558 2662 594 2698 ne
604 2647 741 2714 in-stupro
751 2645 906 2715 quidemst

97 2707 244 2761 dedecoris
254 2712 391 2777 patientie
400 2713 508 2766 freudis
519 2714 644 2778 oblitum,
656 2715 766 2782 quoties
777 2723 907 2766 umorem
