2082 3042
237 211 271 273 o.
291 209 430 261 oraru
448 210 526 262 nra.
549 211 630 284 unu.
652 211 733 266 cnr.
755 218 777 266 1.
863 215 912 268 sos

13 329 17 334 ·
107 311 163 356 turi·
183 311 243 366 quod
255 309 410 354 Callisthenes
424 313 487 365 pravi
499 312 603 355 oratione
613 313 733 368 improbat.
763 319 783 359 6.
800 317 839 360 Ex
848 318 911 370 igna-

108 385 177 426 miuia
187 381 311 426 Hermolao
322 383 393 427 nobili
408 397 478 438 puero
492 382 560 426 illata
574 385 676 426 uescitur
691 386 716 428 in
729 393 799 443 eaput
808 388 912 432 Alexan·

110 456 144 498 alri
159 456 292 498 coniuratio.
322 458 371 506 ena
386 457 485 507 detorta,
503 457 565 499 iuter
578 461 684 499 auctores
697 457 790 501 sceleris
804 461 911 506 innocens

110 526 266 572 Callisthenes
276 529 402 572 coniicitur.
431 533 453 573 t.
469 526 594 578 Hermolai,
606 527 772 572 Callisthenem
781 532 864 576 iustum
874 548 911 577 aa·

108 615 133 644 se
141 601 303 652 asseverantis,
323 601 433 644 adversus
447 600 561 644 crudelem
571 600 701 644 Alexandri
711 602 841 656 snperbiam
848 606 910 649 inve·

108 675 175 718 ativa.
205 678 225 717 8.
240 671 370 717 Alexandri
381 674 410 716 ad
421 672 537 717 Hermolai
547 674 682 718 invectivam
692 676 822 730 responsio:
837 679 911 720 eoniu-

108 751 205 791 ratorum
215 747 276 797 item,
288 749 357 800 atque
367 747 496 788 innocentis
507 745 657 790 Callisthenis
667 746 813 803 supplicium.
844 752 864 792 9·
874 749 911 792 Iu·

109 821 139 871 di,
159 820 252 874 Gangis,
272 818 411 872 Dyardauis,
426 817 515 866 Indiae,
530 817 720 870 eiusinoolanrm‚
734 820 791 864 luxu
803 821 912 864 diffluen-

107 894 162 937 tium
172 907 256 946 regum,
267 905 294 935 ae
303 892 439 947 sapientum,
450 888 565 935 lutulenta
575 891 707 949 descriptio·
737 898 771 937 1⁰.
782 892 865 937 Varios
875 895 913 937 ln-

108 968 158 1010 diae
170 965 268 1022 populos
279 965 337 1007 mira
347 961 473 1013 felicitate,
482 977 527 1006 non
535 968 612 1007 tamen
622 966 671 1009 sine
680 966 797 1020 sauguine,
809 965 912 1010 Alexan·

108 1039 149 1081 der
158 1037 248 1089 runbigit.
278 1040 312 1078 11.
328 1035 419 1079 Aornns
432 1039 500 1091 petra
512 1039 536 1079 et
550 1049 595 1080 arx
606 1038 723 1082 inaccessa
737 1040 765 1082 ab
776 1039 912 1083 Alexandro

106 1111 259 1166 oppugnatur,
279 1111 304 1152 et
316 1109 345 1161 ab
360 1108 460 1151 obsessis
473 1106 555 1153 talieta
568 1111 665 1168 eapitur·
697 1116 731 1155 12.
747 1111 849 1169 Omphis,
869 1128 911 1157 rex

105 1183 287 1240 potentissimus,
298 1195 322 1225 se
332 1195 469 1237 regnumque
479 1195 543 1224 raum
552 1181 689 1228 Alexandro
700 1187 822 1242 permittit.
839 1187 858 1228 Δ
869 1200 911 1240 quo

105 1256 130 1300 in
139 1257 251 1309 integrum
260 1255 400 1300 restituiturx
409 1253 469 1298 unde
479 1259 555 1300 mutua
567 1257 626 1300 dona
635 1260 706 1313 regia.
737 1263 772 1302 13.
783 1260 866 1302 Porum
876 1274 912 1302 re-

106 1343 163 1388 gern,
174 1328 269 1386 Omphis
278 1342 357 1380 suasu,
368 1326 505 1378 Alexander
514 1331 612 1387 ancipiti
622 1333 712 1390 quidem
723 1336 746 1376 et
756 1333 784 1374 ab
792 1333 859 1375 initio
870 1347 911 1388 pe-

103 1402 265 1447 riculosissimo
285 1402 418 1456 aggreditur
436 1399 505 1446 bello.
536 1407 569 1446 aa
588 1405 695 1448 Indorum
716 1410 740 1448 et
759 1407 909 1449 Macedonum

103 1475 199 1529 insignis
209 1478 234 1518 et'
243 1477 337 1538 arrepta
347 1487 434 1530 pugnae
452 1473 509 1518 Pori
524 1476 610 1531 captivi
625 1479 806 1532 magnanimitas,
822 1482 845 1520 et
855 1478 910 1521 Ala·

51 1593 58 1604 ,
103 1548 189 1592 xaudri
199 1545 325 1590 clamantia.

154 1655 176 1705 l.
195 1620 370 1704 Alexander
384 1651 491 1701 maiore
505 1650 588 1714 ferna,
610 1667 690 1718 quam
705 1653 806 1720 gloria,
826 1655 855 1702 in
871 1654 909 1702 di-

102 1723 209 1776 tionem
219 1721 336 1772 redacta
346 1725 437 1785 petra,
458 1733 541 1784 quum
556 1727 672 1784 propter
684 1735 783 1786 vagum
800 1718 911 1786 hostem

5 1821 7 1834 ›
101 1789 278 1858 spargendae
289 1801 386 1838 manus
398 1792 502 1846 essent,
512 1785 540 1834 in
552 1793 609 1836 tres
620 1791 714 1851 partes
727 1787 823 1836 divisit
833 1801 911 1838 exer·

101 1861 198 1910 eitum.
226 1853 467 1923 Hephaestionem
479 1852 535 1914 uni,
548 1854 663 1904 Coenon
674 1853 757 1904 alteri
767 1853 853 1904 duces
865 1854 910 1904 de-

102 1927 195 1978 derat:
207 1926 268 1992 ipse
279 1921 383 1976 ceteris
393 1923 532 1988 praeerat.
554 1923 579 1970 2.
591 1919 647 1972 Sed
658 1936 713 1972 non
724 1921 821 1972 eadem
834 1936 910 1974 urens

102 1990 369 2046 omnibusbarbaris
381 1987 443 2040 iuit.
480 1989 569 2038 Armis
585 1988 696 2054 quidam
710 1989 831 2052 subacti;
853 1989 911 2054 plu·

99 2077 147 2113 res
158 2065 222 2111 ante
233 2065 374 2111 certamen
384 2053 670 2124 imperataiecerunt:
710 2057 791 2108 uibus
803 2071 909 2120 eorum,

102 2129 197 2196 quiin
219 2125 379 2180 deiectione
395 2131 650 2192 perseveraverant,
672 2141 704 2176 ur
725 2140 755 2175 es
770 2139 910 2192 agrosque

101 2196 184 2247 iussit
203 2195 327 2247 attribui.
363 2192 388 2243 3.
407 2193 442 2242 at
454 2191 566 2242 exsules
580 2192 722 2243 Bactriani
737 2207 799 2242 aunt
814 2191 910 2243 DCCC

99 2279 117 2314 e
139 2261 470 2327 uitibusMassagetarum
477 2259 619 2326 proximos
631 2260 709 2310 vicos
720 2265 908 2312 vastaverunt.

98 2280 142 2383 Ab
161 2346 231 2398 quos
250 2329 423 2381 ootreendos
436 2328 557 2388 Attinas,
577 2327 703 2394 regionis
719 2329 779 2378 eius
799 2326 909 2394 praeie-

99 2408 178 2460 otus,
201 2397 269 2449 CCC
290 2397 411 2478 equites,
436 2395 610 2457 insidiarum,
639 2409 709 2462 quae
730 2397 908 2460 parabantur,

98 2469 226 2534 ignarus,
240 2465 345 2518 eduxit.
380 2463 404 2514 4,
424 2461 550 2530 Namque
569 2459 659 2513 hostis
679 2453 707 2511 iri
728 2463 815 2527 silvis,
836 2479 907 2531 quae

98 2538 185 2586 arant
194 2531 268 2584 forte
278 2547 376 2600 campo
386 2532 509 2594 iunctae,
520 2531 664 2581 'armatum
683 2530 798 2582 militem
812 2531 908 2582 eondi-

96 2601 155 2666 dit,
168 2601 264 2668 paucis
275 2599 497 2670 propellentibus
509 2612 625 2666 pecora,
637 2605 668 2649 ut
678 2599 861 2666 improvidum
873 2597 909 2650 ad

96 2669 217 2722 insidias
236 2667 341 2736 praeda
360 2667 533 2734 perduceret
569 2665 593 2716 5.
614 2665 709 2735 ltaque
721 2667 906 2732 incomposito

93 2737 221 2806 agmine,
242 2736 397 2802 solutisque
411 2735 564 2797 ordinibus,
576 2735 683 2786 Attinas
693 2733 907 2802 praedabundus

152 2806 316 2857 cunutus.

973 2871 1032 2994 Ι
