2036 3030
132 222 135 228 ,
156 183 189 233 58
342 181 474 232 ΙΟΑΝΝ.
493 182 515 232 F
521 179 767 234 RElNSHEMll

158 283 376 335 adolescentiam
389 282 761 350 despiciebant300ntentum
770 281 833 332 fore
844 281 967 333 arbitra·

157 354 191 412 ti,
206 353 230 402 si
245 365 345 400 securo
361 350 456 402 Pellae
474 350 652 401 obambulare
667 350 774 400 liceret.
810 348 834 399 9.
855 347 968 402 Verum

158 435 241 486 quum
260 417 295 468 de
313 417 396 471 bellis
415 419 503 484 ipsius
522 417 705 485 victoriisque
724 417 780 467 alia
799 430 884 483 super
907 417 967 474 alia

157 487 362 550 nuntiarentur3
376 491 545 536 contemtum
563 483 695 536 hactenus
709 485 837 535 iuvenem
855 485 967 550 impen-

157 553 216 604 sius
231 551 426 615 formidantes,
447 567 553 603 summa
567 566 645 614 cura,
666 556 697 602 ut
714 551 743 602 in
757 551 862 602 bellum
879 558 967 602 atrox

158 627 241 688 etque
267 621 441 682 diuturnum,
467 619 572 670 auxilia
594 619 800 686 comparabant.
853 620 895 669 10.
928 620 966 670 Et

159 688 290 755 quoniam
309 687 483 755 superiorum
503 687 673 752 proeliorum
693 688 891 751 experimentis
913 689 966 738 im·

157 771 252 824 parem
261 756 415 807 Asiaticum
424 755 540 806 militem
554 754 701 821 Europaeo
716 753 884 814 didicerant,
897 757 965 806 mis·

159 826 197 874 sis
217 825 246 874 in
268 822 414 874 Graeciam
434 821 684 890 conquisitoribus,
705 822 740 873 ad
760 822 966 888 qulnquaginta

159 891 246 942 millia
269 891 400 957 egregiae
423 890 576 940 iuventutis
602 888 731 939 mercede
757 888 964 939 conduxerunt.

158 959 211 1009 llis
228 958 318 1024 copiis
331 957 462 1007 Memnon
480 954 604 1006 Rhodius
619 961 733 1023 praetor
747 956 827 1006 datus
842 963 899 1017 est,
917 959 965 1023 qui

158 1026 253 1077 multis
274 1029 339 1074 ante
357 1023 440 1073 bellis
461 1023 542 1074 iidem
561 1023 746 1088 virtutemque
767 1038 845 1073 suam
866 1022 965 1073 Persis

159 1091 268 1144 abunde
279 1090 454 1157 probaverat.
490 1092 530 1140 11.
549 1089 576 1140 ls
587 1090 622 1140 ad
634 1089 966 1157 occupandamCyzicum

159 1161 271 1219 missus,
282 1159 375 1209 citatis
386 1156 543 1220 itineribus,
554 1171 603 1222 per
614 1155 778 1225 Phrygiam,
790 1172 845 1226 qua
856 1158 964 1208 Troadi

160 1225 352 1287 committitur,
363 1224 398 1275 ad
409 1225 484 1275 ldam
494 1231 615 1275 montem
626 1226 765 1296 pervenit,
776 1225 838 1291 ipso
850 1227 963 1276 nomine

158 1297 285 1343 naturam
301 1293 370 1343 sitris
384 1293 429 1344 sui
441 1290 659 1358 praeferentemz
681 1307 744 1344 narn
764 1292 906 1344 condensa
921 1308 963 1342 ar-

159 1359 274 1410 boribus
289 1360 353 1410 loca
365 1359 428 1409 ldas
445 1360 551 1426 antiqui
562 1360 667 1411 dixere.
704 1361 744 1411 12.
765 1359 899 1426 Exsurgit
907 1360 964 1411 iste

160 1428 280 1478 celsiore
302 1427 458 1489 cacumine,
484 1442 565 1494 quam
585 1427 673 1478 ceteri
692 1428 727 1478 ad
746 1427 845 1478 Helles
866 1434 966 1479 ontum

159 1501 278 1546 montes.
315 1496 345 1544 ln
359 1495 452 1545 medio
468 1509 580 1561 specum
595 1492 679 1546 habet
692 1493 828 1562 religioso
844 1443 965 1547 borrore

160 1560 261 1613 famam
278 1563 307 1612 in
321 1562 423 1613 fabulis
434 1568 557 1624 nactum,
574 1569 605 1613 ut
618 1563 658 1613 ibi
674 1563 786 1614 dearum
803 1560 910 1622 formas
922 1578 966 1614 ar-

159 1628 234 1680 biter
245 1630 383 1681 Troianus
394 1637 537 1696 spectasse
548 1631 736 1697 praedicetur,
751 1646 834 1697 quum
844 1631 965 1696 imperio

160 1698 247 1764 patris
259 1698 416 1766 expositus,
433 1701 461 1748 in
471 1698 520 1748 lda
530 1705 623 1748 monte
634 1696 813 1748 adolevisset.
851 1697 891 1748 13.
911 1699 966 1749 Ea·
1009 1753 1010 1756 ,

161 1767 222 1817 dem
240 1765 386 1817 ldaeorum
401 1764 584 1834 Dactylorum
604 1767 693 1832 patria
711 1779 774 1816 esse
793 1764 896 1827 fertur,
917 1768 966 1832 qui
1009 1757 1010 1776 ¹

160 1835 254 1899 primi,
265 1835 369 1902 Magna
377 1835 468 1884 vlllatre
480 1834 612 1893 docente,
623 1833 780 1899 ambiguum
794 1832 862 1882 ierri
873 1849 964 1894 usum,

161 1917 249 1969 neque
267 1902 357 1952 nrinus
370 1901 438 1952 utile
452 1901 630 1952 necessitatis
644 1900 804 1966 laborisque
821 1901 964 1964 solatium,

161 1984 243 2035 quam
259 1970 422 2018 acerrimum
439 1966 542 2018 luroris
559 1964 783 2029 instrumentum,
805 1968 966 2019 invexerint

160 2037 244 2086 ritae.
281 2036 321 2086 14.
340 2035 411 2085 lllud
427 2036 511 2085 etiam
530 2031 713 2085 admiratione
736 2035 849 2102 dignum
863 2035 964 2101 ,prodi-

160 2111 218 2165 tur,
239 2102 405 2169 quodcirca
425 2101 500 2151 canis
518 2108 658 2164 exortum,
676 2105 765 2153 ventis
785 2103 966 2169 depressiora

161 2170 350 2232 turbantibus,
364 2171 393 2219 in
407 2183 513 2219 summo
526 2169 603 2221 ldaei
615 2171 675 2237 iugi
691 2170 833 2220 cacumine
850 2171 963 2236 quietus

161 2241 209 2287 altr
220 2244 274 2288 est:
305 2237 344 2288 15.
361 2237 489 2304 quodque
506 2237 592 2287 multa
602 2235 691 2290 adhue
701 2243 783 2288 nocte
793 2237 877 2289 terris
886 2239 964 2288 incu-

160 2305 253 2365 bante,
266 2304 354 2356 solem
365 2303 442 2354 aiunt
452 2303 590 2371 conspici,
604 2320 659 2356 non
670 2304 748 2372 globi
758 2305 859 2372 ligura,
875 2305 964 2356 sedin
1007 2275 1008 2339 l

162 2370 358 2435 amplissimam
372 2370 545 2422 latitudinem
562 2387 701 2438 sparsum,
717 2378 744 2422 et
754 2373 831 2422 velut
844 2373 965 2424 dirersis

160 2438 267 2504 ignium
277 2439 433 2505 agminibus
442 2445 589 2507 utrumque
599 2440 701 2491 montis
712 2439 785 2490 latus
796 2440 963 2506 amplexum,

160 2505 237 2556 coire
258 2505 413 2573 paullatim,
436 2514 465 2558 et
483 2509 685 2576 propinquante
708 2508 762 2557 iam
781 2507 844 2557 luce
863 2508 962 2574 iugero
1006 2563 1007 2576 ,

160 2573 254 2639 paullo
265 2575 353 2626 maius
366 2575 483 2643 spatium
498 2575 626 2640 implere,
641 2574 791 2640 paulloque
802 2580 867 2641 post
879 2575 907 2625 in
918 2591 963 2626 so·
1006 2577 1007 2621 l

159 2642 237 2692 litum
255 2642 350 2692 orbem
368 2642 516 2694 collectum
534 2643 700 2692 destinatum
715 2642 771 2692 iter
788 2656 962 2708 percurrere.

160 2709 201 2759 td.
221 2709 324 2773 Credo,
336 2725 385 2778 per
397 2713 490 2762 ae‘rern
500 2715 635 2760 nocturno
647 2709 713 2775 gelu
722 2710 893 2772 adstrictum,
903 2711 961 2763 nul-
1005 2727 1006 2778 1
