2082 3042
111 207 163 262 824
330 201 501 263 QUINTr
531 201 697 254 CURTll

111 309 229 364 debatur
239 303 333 355 lutura
340 303 513 371 praedicere,
521 317 577 352 non
588 301 711 365 occurrit
719 301 803 352 modo
817 301 914 354 obeun-

110 378 143 438 ti,
165 373 215 425 sed
230 372 314 422 etiem
328 377 417 422 semet
433 369 548 430 obiecit;
568 368 700 435 vultuque
715 374 745 419 et
757 368 847 420 oculis
860 384 917 420 mo·

110 448 168 493 tum
181 437 342 507 praeferens
353 437 451 498 animi,
475 441 506 485 ut
519 434 625 486 rediret
637 436 666 485 in
685 435 843 486 convivium
862 451 918 488 mo·

110 511 185 559 nuit:
223 508 264 556 17.
280 511 308 556 et
323 506 371 556 ille
383 519 432 572 per
443 503 547 564 ludum,
561 501 633 552 bene
642 501 720 553 Deos
732 503 859 564 suadere,
874 517 918 555 re·

110 575 237 642 spondit3
248 573 443 638 revocatisque
454 570 550 620 amicis
560 570 588 619 in
599 566 695 619 boram
707 569 765 620 diei
773 569 862 622 ferme
875 585 917 622 se-

110 641 227 693 cundnm
242 639 362 690 convivii
376 645 485 705 tempus
506 637 636 688 extraxit.
677 635 718 686 18.
736 636 795 688 lam
815 637 865 688 alli
883 652 919 692 ex

111 708 227 760 cohorte
241 709 271 758 in
286 707 434 758 stationem
446 709 649 766 successerant,
667 709 730 755 ante
744 704 867 755 cubiculi
876 703 918 756 io-

109 792 155 828 res
168 775 336 837 excubitum
356 771 446 824 adhuc
461 778 554 824 tamen
567 772 706 822 coniurati
719 771 839 835 stabant,
855 771 918 824 vice

111 844 197 894 officii
211 842 254 893 sui
270 841 394 908 expleta:
414 841 486 892 adeo
500 840 628 906 pertinax
643 853 707 904 spes
723 845 767 890 est
781 837 918 892 humanae

109 911 221 972 mentis,
233 923 314 976 quam
325 909 453 975 ingentes
459 906 918 972 concupiscentiaedenotaverunt.
1011 903 1013 910 “

111 977 151 1029 19.
163 978 223 1028 Rex
231 976 380 1042 benignius
391 989 472 1041 quem
483 973 708 1036 aliasallccutus,
716 973 862 1026 discedere
868 989 918 1027 eos

110 1043 406 1109 adcurandecorpore,
414 1043 544 1108 quoniam
554 1045 615 1092 tote
625 1048 707 1092 nocte
718 1041 916 1108 perstitissent,

109 1111 197 1163 iubet.
232 1110 307 1162 Data
317 1109 434 1176 singulis
446 1109 646 1176 quinquaginta
655 1110 800 1171 sestertia,
814 1109 918 1162 collau-

111 1179 234 1245 datique‚
247 1177 321 1242 quod
332 1178 416 1227 etium
427 1176 489 1226 eliis
501 1175 604 1228 tradita
615 1176 685 1236 vice,
695 1180 789 1227 temen
801 1175 919 1228 excuba-

110 1261 141 1296 re
156 1249 392 1310 perseverassent.
429 1245 470 1293 ²0.
490 1243 543 1304 llli,
558 1248 638 1294 tanta
650 1258 699 1310 spe
713 1243 849 1306 destituti,
869 1244 919 1295 do-

109 1326 171 1362 mos
182 1310 293 1360 abeunt.
329 1309 366 1359 Et
379 1311 466 1360 ceteri
482 1310 594 1376 quidem
607 1310 807 1378 exspectabant
820 1311 919 1363 statio·

108 1377 154 1428 nis
164 1391 233 1426 suae
243 1381 367 1426 noctem:
381 1376 539 1443 Epimenes,
550 1378 609 1428 sive
620 1380 752 1430 comitate
764 1379 851 1446 regis,
864 1395 920 1446 qua

108 1437 201 1510 ipsum
213 1443 287 1494 inter
300 1444 461 1494 coniuratos
476 1451 635 1510 exceperat,
655 1451 771 1512 repente
785 1452 919 1509 mutatus,

109 1513 169 1563 sire
201 1511 248 1560 uia
260 1511 369 1577 coeptis
384 1512 454 1563 deos
469 1511 583 1564 obstare
602 1513 748 1574 credebat,
770 1511 852 1564 fratri
866 1529 918 1564 suo
1009 1557 1018 1565 .

108 1525 281 1643 Eurylocho,
302 1593 384 1645 quem
404 1585 486 1630 antea
505 1583 648 1645 expertem
663 1595 726 1632 esse
745 1581 858 1632 consilii
872 1596 919 1632 vo-

107 1644 210 1708 luerat,
225 1645 291 1712 quid
302 1653 461 1712 pararetur,
477 1648 575 1713 aperit.
611 1649 653 1697 al.
673 1647 807 1699 Omnibus
823 1647 919 1699 Philo·

107 1720 153 1778 tec
169 1713 334 1780 supplicium
347 1715 378 1764 in
395 1713 568 1765 conliserat.
603 1714 700 1782 ltaque
718 1715 846 1782 protinus
856 1715 919 1767 inil-

108 1781 147 1832 eit
156 1779 236 1831 fratri
247 1796 366 1843 manum,
381 1786 410 1832 et
419 1784 448 1832 in
458 1781 565 1848 regiam
574 1783 714 1848 pervenit3
732 1785 919 1852 excitatisque

107 1848 271 1900 custodibus
281 1849 417 1915 corporis,
428 1848 463 1900 ad
475 1849 593 1900 salutern
604 1849 679 1916 regis
689 1851 920 1919 pertinere,quae

108 1913 237 1976 afferret,
251 1916 377 1967 affirmat
413 1917 456 1966 22.
469 1916 506 1967 Et
519 1923 638 1984 tempus,
653 1933 708 1985 quo
721 1925 867 1979 venerunt,
890 1924 921 1969 et

107 1984 201 2034 vultus
216 1981 289 2033 baud
303 1996 370 2034 sane
384 1983 477 2034 securi
491 1982 575 2036 animi
590 1983 685 2046 index,
701 1990 733 2040 et¹
744 1987 889 2038 moestitia
904 2001 920 2038 e

108 2050 217 2102 (luobus
231 2047 361 2112 alterius,
381 2048 573 2102 Ptolemaeum
592 2067 625 2103 ac
639 2051 814 2106 Leonnatum
835 2068 920 2106 excu-

107 2115 205 2168 bantes
216 2116 251 2167 ad
263 2116 384 2168 cubiculi
395 2117 480 2169 limen
486 2118 687 2170 excitaverunt.
701 2120 798 2189 ltaque
810 2122 919 2187 apertis·

107 2183 225 2248 foribus,
235 2190 264 2235 et
273 2185 376 2236 lumine
387 2184 477 2247 illato,
494 2200 525 2237 sc
546 2186 615 2239 itum
626 2202 703 2239 mero
716 2203 748 2238 ec
758 2203 858 2240 somno
870 2203 919 2241 ex-

108 2253 195 2302 citant
213 2266 318 2320 regem.
358 2252 409 2304 llle
423 2201 568 2321 paullatim
587 2260 680 2315 mente
696 2255 829 2320 collecta,
867 2255 920 2308 uitl

107 2315 250 2380 efferrent,
261 2321 425 2386 interrogat.
448 2321 491 2373 23.
501 2320 561 2373 Nec
571 2327 716 2374 cunctatus
726 2271 919 2392 Eurylocbus,

107 2397 163 2434 non
180 2398 215 2435 ex
226 2389 288 2436 toto
303 2387 413 2438 domum
427 2404 505 2439 suam
519 2393 642 2442 aversari
657 2391 726 2442 deos
741 2391 826 2452 uixit,
849 2391 920 2459 quia

106 2449 195 2501 irater
203 2451 300 2518 ipsius,
316 2463 479 2570 puamqu‘am
489 2457 602 2525 impium
613 2455 721 2509 lacinus
733 2471 816 2510 ausus
827 2455 920 2522 iuret,

105 2523 198 2568 tamen
209 2524 238 2568 et
247 2533 319 2583 poen
331 2524 446 2574 tentiam
458 2524 518 2575 eius
530 2531 642 2592 ageret,
657 2531 686 2576 et
699 2539 749 2592 per
759 2541 790 2577 se
800 2525 919 2592 potissi-

104 2583 179 2637 muin
187 2585 373 2703 profiteretur
385 2590 527 2643 indicium.
564 2593 594 2643 ln
612 2606 674 2644 eam
687 2593 775 2660 ipsam
790 2599 918 2656 noctem,

106 2664 176 2716 quae
207 2651 472 2716 ecederet,·insidias
485 2658 918 2725 comparatasluisse3auctores

107 2717 220 2770 scelesti
231 2721 342 2771 consilii
353 2737 425 2787 esse,
436 2740 506 2792 quos
516 2726 628 2778 minime
640 2727 769 2779 crederet
778 2742 836 2779 rex.
861 2728 915 2778 Ἄ.
