2054 3030
87 247 150 298 ,118
317 239 488 303 QUINTI
518 240 685 294 OURTH

100 345 176 395 seiles
191 341 308 408 experiri
323 357 417 403 meane,
431 341 485 392 alio
495 341 623 409 profecto
636 337 767 402 uoluisset,
790 341 838 392 sed
849 358 907 394 eer-

47 419 49 422 '
101 411 170 461 tiore
182 425 260 475 quom
271 419 392 475 expertae
404 425 441 471 es,
461 425 493 459 ne
504 418 619 475 optasses
631 407 742 475 quidem.
780 409 820 459 13.
843 407 907 460 Hac

101 477 212 544 epistola
225 485 342 543 accepto,
363 485 460 537 tannen,
482 476 553 542 qaod
565 475 688 538 diluerat,
707 473 772 526 tibi.-
793 484 820 526 et
833 493 905 528 nano

104 544 193 605 eredo,
212 550 237 594 te
248 560 301 595 aaa
311 544 453 610 rniosupro
464 541 585 610 taofide,
598 559 734 610 quampro
748 557 807 594 mea
820 545 905 594 solute

105 627 158 663 esse
168 610 316 662 sollicitam.
352 611 432 661 Haec
447 610 574 661 elocutus
588 611 713 662 dextram
724 609 854 676 Philippo
866 611 907 661 oi-

103 677 167 728 fert.
205 680 244 729 14.
266 681 395 731 Ceterum
415 685 493 728 tanta
511 680 553 730 vis
574 678 763 729 medicaminis
783 677 846 740 fuit,
867 684 906 738 ut,

104 761 174 812 quae
188 754 285 798 secuta
298 754 371 809 sunt,
387 745 608 797 criminationem
623 745 815 795 Parmenionis
830 745 907 795 adiu·

103 816 201 864 verint.
246 815 415 864 interclusus
440 813 553 879 spiritus
582 818 658 863 arcte
683 811 801 863 meabat.
847 811 906 862 Nec

102 879 248 948 Philippus
259 882 407 948 quidquam
417 881 591 947 inexpertum
602 880 704 930 omisit.
738 879 788 930 llle
799 877 904 930 fomen-

100 955 130 998 ta
141 953 252 1015 corpori
264 949 401 1010 admovit3
410 948 459 996 ille
470 953 626 1012 torpentem
637 961 708 997 nunc
719 946 773 996 cibi
784 962 856 996 nuuc
868 948 904 996 vi·

100 1016 130 1066 ni
151 1017 237 1067 odore
258 1017 399 1064 excitavit.
438 1013 478 1064 15.
506 1013 597 1080 Atque
616 1019 647 1064 ut
665 1014 782 1080 primum
803 1015 904 1064 mentis

102 1089 258 1149 compotem
280 1096 342 1132 esse
366 1082 463 1140 sensit,
491 1082 574 1131 modo
595 1081 690 1130 matris
711 1096 904 1148 sororumque,

100 1152 185 1202 modo
206 1155 299 1199 tantae
324 1148 460 1198 victoriae
484 1149 729 1214 appropinquantis
755 1148 905 1200 admonere

100 1233 157 1268 non
168 1217 285 1266 destitit.
322 1216 361 1266 16.
380 1215 417 1265 Ut
427 1229 493 1266 vero
510 1214 740 1265 medicamentum
751 1231 781 1266 se
794 1215 908 1268 diffudit

100 1284 130 1334 in
141 1297 239 1343 venas,
256 1289 284 1332 et
299 1283 400 1332 sensim
420 1288 482 1333 toto
504 1297 621 1348 corpure
636 1283 784 1334 salubritas
799 1285 908 1351 percipi

99 1349 203 1415 potuit;
224 1350 312 1416 primo
327 1350 433 1399 animus
447 1351 573 1416 vigorem
588 1365 676 1411 suum,
691 1349 792 1401 deinde
804 1366 908 1418 corpus

100 1431 211 1484 quoque
222 1418 432 1483 exspectatione
442 1417 577 1467 maturius
588 1418 771 1485 recuperavit.
797 1418 908 1486 Quippe

98 1490 164 1552 post
174 1485 286 1535 tertium
297 1485 379 1547 diem,
399 1499 480 1550 quam
492 1486 521 1534 in
532 1482 586 1534 hoc
596 1490 671 1534 statu
681 1483 781 1546 iuerat,
801 1487 830 1535 in
842 1502 909 1537 con·

41 1606 43 1609 ,
100 1558 226 1618 spectum
246 1553 364 1602 militum
381 1553 464 1603 venit.
501 1553 541 1602 lt.
560 1551 618 1602 Nec
632 1553 740 1603 avidius
758 1553 849 1618 ipsum
863 1569 909 1605 re·
942 1571 945 1576 ·

98 1635 171 1688 gem,
187 1635 267 1686 quam
277 1618 444 1686 Philippum,
459 1621 620 1670 intuebatur
635 1621 787 1670 exercitus:
809 1636 858 1686 pro
876 1637 909 1673 se

100 1687 217 1756 quisque
229 1688 353 1738 dextram
368 1689 428 1738 eius
439 1688 572 1754 amplexi,
590 1693 684 1754 grates
695 1684 848 1750 *habebant
860 1705 909 1740 ve-

98 1756 142 1806 lut
162 1759 303 1821 praesenti
320 1756 382 1806 deo.
419 1754 542 1822 Namque
562 1752 636 1804 haud
655 1754 739 1805 facile
758 1754 833 1805 dictu
855 1766 910 1820 est,

98 1829 211 1890 practer
221 1825 371 1891 ingenitam
387 1823 430 1875 illi
444 1825 521 1889 genti
538 1837 605 1888 erga
619 1837 701 1888 reges
712 1827 778 1872 suos
793 1837 911 1875 uenera-

99 1892 217 1952 tionem,
238 1899 368 1957 quantum
383 1889 464 1941 huius
479 1891 575 1956 utique
586 1889 662 1955 regis
675 1891 718 1940 rel
728 1889 911 1942 admirationi

100 1958 188 2008 dediti
199 1957 312 2019 fuerint,
323 1959 368 2008 vel
378 1957 494 2007 caritate
508 1956 695 2022 flagraverint.
734 1957 774 2006 18.
784 1958 841 2008 lam
852 1961 909 2024 pri-

98 2026 172 2076 mum
188 2023 258 2074 nihil
274 2027 328 2074 nisi
346 2025 439 2074 divina
455 2038 507 2088 ope
525 2024 643 2090 aggredi
662 2024 820 2076 videbatur:
842 2043 910 2077 nam

99 2107 181 2159 quum
193 2097 269 2143 esset
278 2097 390 2156 praesto
403 2091 504 2156 ubique
516 2089 637 2154 fortuna,
651 2095 795 2143 temeritas
806 2094 833 2143 in
846 2095 908 2160 glo-

97 2159 167 2210 riam
179 2165 312 2210 cesserat.
350 2159 390 2209 19.
409 2157 495 2208 Aetas
510 2174 619 2226 quoque
636 2161 682 2210 vix
696 2160 781 2210 tantis
797 2167 909 2212 matura

96 2227 190 2288 rebus,
209 2227 259 2277 sed
270 2226 377 2276 abunde
389 2227 538 2287 sufficiens,
550 2228 642 2276 omnia
651 2229 711 2277 eius
724 2242 810 2292 opera
820 2226 909 2279 bone-

97 2292 198 2344 stabat.
234 2295 269 2343 Et
284 2308 353 2360 quae
369 2293 477 2344 leviora
490 2293 586 2344 baberi
600 2295 693 2345 solent
701 2295 865 2363 plerumque
877 2297 908 2347 in

96 2374 128 2412 re
139 2360 262 2421 militari,
274 2362 399 2427 gratiora
407 2363 491 2429 vulgo
503 2367 577 2412 sunt:
599 2363 764 2413 exercitatio
777 2365 908 2430 corporis

97 2427 172 2478 inter
186 2427 278 2491 ipsos;
300 2428 391 2480 cultus
410 2427 576 2494 habitusque
596 2429 745 2495 paullulum
763 2445 780 2480 a
793 2431 910 2498 privato¹

95 2491 265 2557 abhorrens3
279 2497 408 2547 militaris
422 2497 514 2562 vigor:
544 2497 586 2547 20.
601 2501 662 2561 quis
676 2497 725 2548 ille
739 2499 785 2549 vel
798 2499 923 2566 ingenii·

96 2561 219 2624 dotibus,
235 2562 278 2613 vel
293 2565 377 2613 animi
391 2563 511 2626 artibus,
532 2567 563 2613 ut
573 2565 677 2629 pariter
687 2580 767 2617 carus
780 2581 812 2616 ae
823 2581 907 2618 vene·

96 2630 200 2680 randus
211 2635 296 2691 esset,
310 2630 452 2682 effecerat.

146 2695 206 2747 Vll.
224 2700 259 2748 At
269 2696 380 2758 Darius,
392 2698 486 2747 nuntio
499 2697 533 2748 de
544 2699 661 2749 adversa
671 2699 830 2751 valetudine
842 2701 905 2752 eius

93 2769 223 2828 accepto,
233 2763 387 2825 celeritate,
395 2771 497 2828 quanta
507 2769 620 2830 poterat
630 2771 685 2814 tam
696 2780 780 2832 grave
792 2783 905 2835 agmen,
