2098 3040
300 209 448 290 irisan
473 209 508 262 x.
537 211 632 264 cnr.
657 216 682 266 s.
837 217 884 266 su

79 311 168 363 arinis
180 311 341 362 certandum
353 326 415 362 esse
427 312 587 364 censebant.
625 313 665 364 1³.
683 316 769 368 Forte
786 319 827 369 ita
844 333 887 368 ac·

78 379 201 441 ciderat,
211 385 250 442 ut,
256 381 304 445 qui
313 381 342 429 in
354 381 429 446 agris
440 385 528 442 erant,
537 381 748 448 populationem
759 385 887 436 villarum

78 447 263 513 vicorumque
274 447 364 509 veriti,
376 447 562 516 confugerent
574 450 604 498 in
617 449 714 499 urbem
719 467 727 511 ;
747 454 887 518 oppidani,

4 513 5 524 ¹
79 531 168 582 quum
177 515 255 581 ipsos
266 513 398 566 alimenta
408 516 571 578 delicerent,
582 516 651 568 urbe
663 517 843 582 excederent3
859 529 887 571 et

78 584 194 651 utrique
204 583 301 650 generi
311 583 400 634 tutior
409 583 502 634 aliena
511 584 603 646 sedes,
614 598 696 651 quam
706 598 770 647 sua,
781 587 886 638 videre·

77 656 136 702 tur.
161 651 200 702 14.
207 650 330 712 Quorum
342 651 599 703 consternationem
609 651 781 703 Macedones
791 655 883 716 veriti,

77 719 109 768 in
120 719 228 786 regiam
241 723 356 778 coeunt,
376 732 503 784 quaeque
515 721 641 784 ipsorum
651 721 792 772 sententia
802 727 886 780 esset,

79 792 234 854 exponunt.
271 785 406 837 Placebat
419 791 512 837 antem
521 787 632 854 legatos
648 787 683 838 ad
694 788 802 855 equites
813 789 886 838 mitti

79 853 116 906 de
128 853 251 906 finienda
261 852 412 915 discordia,
424 853 563 920 armisque
574 854 720 920 ponendis.
741 855 781 907 15.
796 857 887 922 Igitur

78 937 98 972 a
107 937 177 990 rege
187 922 300 989 legatur
309 918 396 970 Pasas
407 918 575 984 Thessalus,
589 927 618 973 et
626 921 750 974 Amissus
760 923 886 990 Megalo·

77 989 233 1056 politanus,
245 994 274 1038 et
283 987 424 1038 Perilaus:
447 989 588 1056 quiquam
599 990 731 1041 mandata
741 992 817 1058 regis
829 991 886 1041 edi-

78 1057 201 1117 dissent,
216 1070 273 1106 non
284 1053 367 1106 aliter
379 1056 521 1123 posituros
535 1071 612 1108 arma
627 1058 748 1125 equites,
765 1073 847 1126 quam
862 1059 887 1108 si

77 1139 131 1176 rex
141 1123 300 1175 discordiae
306 1129 436 1174 auctores
443 1123 606 1188 dedidisset,
614 1125 705 1176 tulere
710 1141 885 1192 responsum.

78 1190 121 1242 ld.
141 1191 195 1242 His
204 1189 380 1255 renuntiatis,
390 1206 442 1242 sua
451 1198 551 1258 sponte
562 1193 665 1245 milites
677 1209 754 1248 arma
764 1196 885 1260 capiunt.

79 1261 205 1322 Quorum
215 1259 336 1310 tumultu
346 1274 361 1310 e
371 1259 453 1328 regia
459 1259 604 1328 Philippus
616 1261 734 1325 excitus,
747 1260 831 1324 Nina,
843 1264 884 1312 in-

78 1331 153 1396 quit,
172 1326 302 1378 seditione
321 1334 362 1378 ert
379 1342 453 1394 opat.
494 1325 564 1380 Nam
583 1329 655 1382 inter
676 1346 703 1380 se
722 1325 884 1382 certantium

74 1395 213 1462 praemia,
226 1395 272 1462 qai
283 1393 443 1462 quieverint,
454 1396 631 1463 occupabant.
669 1400 710 1449 l't.
731 1398 818 1450 Simul
830 1415 882 1449 me-

77 1471 194 1514 mentote
205 1479 261 1512 rem
273 1477 326 1512 esee
336 1479 395 1512 eam
406 1463 505 1514 cicibm
511 1481 523 1524 ,·
540 1464 633 1530 quibas
643 1481 716 1531 spem
724 1466 834 1532 gratiae
845 1466 881 1516 ci-

78 1539 105 1582 to
118 1530 288 1595 abrumpere,
307 1529 343 1578 ad
353 1528 445 1579 bellum
456 1529 531 1580 civile
536 1532 745 1608 properantium
755 1540 802 1582 ert.
840 1535 880 1584 18.

77 1597 173 1650 Altera
183 1595 331 1664 legatione,
348 1611 383 1646 an
393 1595 517 1662 mitigari
523 1605 640 1662 possent,
653 1598 835 1664 reperiamur:
857 1609 885 1648 et

77 1665 168 1727 eredo,
179 1664 296 1714 nondam
307 1661 378 1728 regie
389 1678 502 1729 empore
511 1665 626 1730 sepulto,
642 1664 849 1730 adpraestanda
860 1666 885 1715 ei
979 1681 982 1690 ¹

75 1735 148 1784 insta
165 1747 254 1782 omnes
270 1746 324 1781 esse
338 1728 463 1780 coituros.
499 1729 539 1782 19.
564 1729 643 1794 Quod
661 1731 754 1783 adme
774 1731 882 1795 attinet,

75 1800 186 1853 reddere
196 1799 248 1850 lroc
256 1796 397 1864 imperium
407 1798 486 1859 raaia,
494 1813 573 1864 qnam
583 1815 706 1850 exercere
716 1799 812 1850 eiciam
822 1815 882 1854 ean-

74 1867 172 1938 guine:
190 1874 217 1919 et
225 1865 250 1917 si
258 1866 330 1917 nulla
340 1865 395 1916 alia
405 1865 564 1917 concordiae
574 1881 631 1932 spes
647 1875 697 1930 eet,
713 1883 760 1918 oro
772 1881 881 1934 quaero·

78 1952 140 2003 que,
158 1934 249 2002 eligite
258 1933 404 2001 potiorem.
438 1935 480 1983 20.
502 1933 617 1985 Obortis
633 1933 733 1986 deinde
748 1935 881 1996 lacrimis,

77 2000 208 2056 diadema
227 2000 350 2053 detrahit
368 2001 466 2068 capiti,
487 2000 621 2064 deunana,
643 2019 697 2070 qua
715 2002 744 2053 id
758 2002 881 2070 tenebat,

75 2068 259 2139 protendens,
271 2077 310 2132 ut,
321 2071 345 2120 si
355 2068 457 2137 quisse
469 2069 626 2138 digniorem
637 2071 826 2136 profiteretur,
838 2071 881 2119 ac'-

77 2142 193 2205 ciperet.
230 2139 271 2187 21.
289 2139 434 2204 ingentem
444 2152 521 2204 spem
531 2137 645 2200 indolis,
657 2143 721 2189 ante
733 2154 796 2189 eum
808 2137 882 2188 diem

76 2207 172 2258 fratris
186 2206 314 2258 claritate
332 2220 523 2273 suppressam,
543 2221 577 2256 ea
591 2207 735 2258 moderata
749 2206 882 2258 excitavit

77 2277 176 2326 oratio.
214 2275 311 2342 ltaque
328 2273 421 2323 cuncti
434 2274 539 2324 instare
560 2280 727 2340 coeperunt,
747 2280 789 2336 ut,
810 2289 881 2342 quae

77 2344 221 2410 agitasset,
234 2341 349 2409 exsequi
363 2341 456 2392 vellet.
492 2343 534 2391 22.
553 2341 675 2393 Eosdem
686 2357 783 2393 rursus
793 2342 879 2410 legat,

77 2411 227 2478 petituros,
243 2416 274 2462 ut
283 2409 457 2476 Meleagrum
475 2408 588 2460 tertium
601 2409 699 2461 ducem
711 2411 878 2476 acciperent.

76 2477 160 2528 llaud
173 2493 257 2545 aegre
278 2478 307 2529 id
326 2478 504 2543 impetratum
514 2483 574 2536 uest.
610 2477 680 2528 Nam
699 2486 728 2528 et
741 2478 879 2529 abducere

75 2544 249 2612 Meleagrum
260 2545 398 2597 Perdicca
407 2561 424 2596 a
433 2559 501 2612 roge
512 2546 655 2612 cupiebat3
680 2553 708 2596 et
718 2563 802 2597 unum
813 2546 880 2597 duo·

75 2612 127 2665 bus
137 2613 270 2679 imparem
282 2613 406 2665 futurum
417 2628 479 2664 esse
491 2615 631 2666 censebat.
667 2614 709 2666 23.
723 2614 812 2680 Igitur
821 2613 880 2665 Me·

75 2681 172 2748 leagro
185 2697 246 2732 cum
256 2680 395 2750 phalange
408 2681 794 2751 obviamegresso‚l’erdicca
805 2683 880 2750 equi·

75 2755 134 2800 tum
145 2755 251 2800 turmas
262 2750 431 2805 antecedens
440 2755 571 2803 occurrit.
607 2751 760 2819 Utrumque
772 2765 880 2818 agmen,
