<?xml version="1.0" encoding="UTF-8"?>
<!DOCTYPE html PUBLIC "-//W3C//DTD XHTML 1.0 Transitional//EN"
    "http://www.w3.org/TR/xhtml1/DTD/xhtml1-transitional.dtd">
<html xmlns="http://www.w3.org/1999/xhtml" xml:lang="en" lang="en">
 <head>
  <title>
</title>
<meta http-equiv="Content-Type" content="text/html;charset=utf-8" />
  <meta name='ocr-system' content='tesseract 3.04.00' />
  <meta name='ocr-capabilities' content='ocr_page ocr_carea ocr_par ocr_line ocrx_word'/>
</head>
<body>
  <div class='ocr_page' id='page_1' title='image "./qcurtiirufidere00johagoog_0342.png"; bbox 0 0 2082 3042; ppageno 0'>
   <div class='ocr_carea' id='block_1_1' title="bbox 120 153 792 244">
    <p class='ocr_par' dir='ltr' id='par_1_1' title="bbox 120 153 792 244">
     <span class='ocr_line' id='line_1_1' title="bbox 120 153 792 244; baseline -0.007 -8"><span class='ocrx_word' id='word_1_1' title='bbox 120 183 171 236; x_wconf 80' lang='lat' dir='ltr'>aee</span> <span class='ocrx_word' id='word_1_2' title='bbox 340 181 513 244; x_wconf 77' lang='lat' dir='ltr'>ournrr</span> <span class='ocrx_word' id='word_1_3' title='bbox 543 181 711 234; x_wconf 82' lang='lat' dir='ltr'>cuerrr</span> <span class='ocrx_word' id='word_1_4' title='bbox 788 153 792 156; x_wconf 70' lang='grc'><strong>’</strong></span> 
     </span>
    </p>
   </div>
   <div class='ocr_carea' id='block_1_2' title="bbox 119 282 1035 350">
    <p class='ocr_par' dir='ltr' id='par_1_2' title="bbox 119 282 1035 350">
     <span class='ocr_line' id='line_1_2' title="bbox 119 282 1035 350; baseline -0.001 -14"><span class='ocrx_word' id='word_1_5' title='bbox 119 287 199 346; x_wconf 89' lang='lat' dir='ltr'>riam,</span> <span class='ocrx_word' id='word_1_6' title='bbox 210 283 322 334; x_wconf 86' lang='lat' dir='ltr'>clarior.</span> <span class='ocrx_word' id='word_1_7' title='bbox 358 286 383 333; x_wconf 80' lang='lat'>2.</span> <span class='ocrx_word' id='word_1_8' title='bbox 396 283 476 337; x_wconf 85' lang='lat' dir='ltr'>ludia</span> <span class='ocrx_word' id='word_1_9' title='bbox 485 290 546 336; x_wconf 81' lang='lat' dir='ltr'>tota</span> <span class='ocrx_word' id='word_1_10' title='bbox 556 283 645 334; x_wconf 84' lang='lat' dir='ltr'>ferme</span> <span class='ocrx_word' id='word_1_11' title='bbox 656 289 766 350; x_wconf 87' lang='lat' dir='ltr'>spectat</span> <span class='ocrx_word' id='word_1_12' title='bbox 775 282 932 349; x_wconf 84' lang='lat' dir='ltr'>Orientem,</span> <span class='ocrx_word' id='word_1_13' title='bbox 978 317 982 322; x_wconf 89' lang='lat'><em>-</em></span> <span class='ocrx_word' id='word_1_14' title='bbox 1034 301 1035 318; x_wconf 61' lang='lat'>³</span> 
     </span>
    </p>
   </div>
   <div class='ocr_carea' id='block_1_3' title="bbox 116 351 934 1500">
    <p class='ocr_par' dir='ltr' id='par_1_3' title="bbox 116 351 934 1500">
     <span class='ocr_line' id='line_1_3' title="bbox 118 351 933 419; baseline 0.004 -16"><span class='ocrx_word' id='word_1_15' title='bbox 118 354 209 417; x_wconf 83' lang='lat' dir='ltr'>minus</span> <span class='ocrx_word' id='word_1_16' title='bbox 222 351 252 402; x_wconf 91' lang='lat' dir='ltr'>in</span> <span class='ocrx_word' id='word_1_17' title='bbox 267 351 458 413; x_wconf 87' lang='lat' dir='ltr'>latitudinem,</span> <span class='ocrx_word' id='word_1_18' title='bbox 475 368 556 418; x_wconf 84' lang='lat' dir='ltr'>quam</span> <span class='ocrx_word' id='word_1_19' title='bbox 570 357 648 402; x_wconf 85' lang='lat' dir='ltr'>recta</span> <span class='ocrx_word' id='word_1_20' title='bbox 664 352 782 419; x_wconf 76' lang='lat' dir='ltr'>regione</span> <span class='ocrx_word' id='word_1_21' title='bbox 797 352 933 419; x_wconf 74' lang='lat' dir='ltr'>spatiosa·</span> 
     </span>
     <span class='ocr_line' id='line_1_4' title="bbox 118 417 932 486; baseline -0.004 -14"><span class='ocrx_word' id='word_1_22' title='bbox 118 420 143 472; x_wconf 79' lang='lat'>8.</span> <span class='ocrx_word' id='word_1_23' title='bbox 157 418 235 480; x_wconf 73' lang='lat' dir='ltr'>Quae</span> <span class='ocrx_word' id='word_1_24' title='bbox 246 417 379 469; x_wconf 77' lang='lat' dir='ltr'>Austrum</span> <span class='ocrx_word' id='word_1_25' title='bbox 390 420 538 485; x_wconf 80' lang='lat' dir='ltr'>accipiunt,</span> <span class='ocrx_word' id='word_1_26' title='bbox 549 420 577 469; x_wconf 89' lang='lat' dir='ltr'>in</span> <span class='ocrx_word' id='word_1_27' title='bbox 589 419 673 470; x_wconf 87' lang='lat' dir='ltr'>altius</span> <span class='ocrx_word' id='word_1_28' title='bbox 684 425 776 469; x_wconf 86' lang='lat' dir='ltr'>terrac</span> <span class='ocrx_word' id='word_1_29' title='bbox 786 417 932 486; x_wconf 80' lang='lat' dir='ltr'><strong>fastigium</strong></span> 
     </span>
     <span class='ocr_line' id='line_1_5' title="bbox 118 485 933 554; baseline -0.001 -16"><span class='ocrx_word' id='word_1_30' title='bbox 118 485 273 549; x_wconf 75' lang='lat' dir='ltr'>excedunt3</span> <span class='ocrx_word' id='word_1_31' title='bbox 284 486 368 552; x_wconf 88' lang='lat' dir='ltr'>plana</span> <span class='ocrx_word' id='word_1_32' title='bbox 378 492 442 537; x_wconf 83' lang='lat' dir='ltr'>sunt</span> <span class='ocrx_word' id='word_1_33' title='bbox 452 495 555 549; x_wconf 90' lang='lat' dir='ltr'>cetera,</span> <span class='ocrx_word' id='word_1_34' title='bbox 569 487 718 554; x_wconf 89' lang='lat' dir='ltr'>multisque</span> <span class='ocrx_word' id='word_1_35' title='bbox 728 486 836 537; x_wconf 89' lang='lat' dir='ltr'>inclitis</span> <span class='ocrx_word' id='word_1_36' title='bbox 847 489 933 538; x_wconf 88' lang='lat' dir='ltr'>amni-</span> 
     </span>
     <span class='ocr_line' id='line_1_6' title="bbox 119 552 934 624; baseline -0.002 -19"><span class='ocrx_word' id='word_1_37' title='bbox 119 555 181 617; x_wconf 88' lang='lat' dir='ltr'>bus,</span> <span class='ocrx_word' id='word_1_38' title='bbox 201 552 327 604; x_wconf 81' lang='lat' dir='ltr'>Caucaso</span> <span class='ocrx_word' id='word_1_39' title='bbox 337 559 432 604; x_wconf 89' lang='lat' dir='ltr'>monte</span> <span class='ocrx_word' id='word_1_40' title='bbox 444 555 528 616; x_wconf 86' lang='lat' dir='ltr'>ortis,</span> <span class='ocrx_word' id='word_1_41' title='bbox 542 554 681 624; x_wconf 84' lang='lat' dir='ltr'>placidum</span> <span class='ocrx_word' id='word_1_42' title='bbox 693 569 743 619; x_wconf 91' lang='lat' dir='ltr'>per</span> <span class='ocrx_word' id='word_1_43' title='bbox 753 568 867 622; x_wconf 86' lang='lat' dir='ltr'>campos</span> <span class='ocrx_word' id='word_1_44' title='bbox 878 554 934 606; x_wconf 86' lang='lat' dir='ltr'>iter</span> 
     </span>
     <span class='ocr_line' id='line_1_7' title="bbox 119 620 932 690; baseline 0 -18"><span class='ocrx_word' id='word_1_45' title='bbox 119 621 264 690; x_wconf 77' lang='lat' dir='ltr'>praebent.</span> <span class='ocrx_word' id='word_1_46' title='bbox 292 621 318 671; x_wconf 82' lang='lat'>4.</span> <span class='ocrx_word' id='word_1_47' title='bbox 337 620 421 672; x_wconf 88' lang='lat' dir='ltr'>lndue</span> <span class='ocrx_word' id='word_1_48' title='bbox 432 621 554 688; x_wconf 76' lang='lat' dir='ltr'><strong>gelidior</strong></span> <span class='ocrx_word' id='word_1_49' title='bbox 565 628 617 683; x_wconf 88' lang='lat' dir='ltr'>est,</span> <span class='ocrx_word' id='word_1_50' title='bbox 630 637 711 689; x_wconf 89' lang='lat' dir='ltr'>quam</span> <span class='ocrx_word' id='word_1_51' title='bbox 722 622 820 672; x_wconf 88' lang='lat' dir='ltr'>ceteri.</span> <span class='ocrx_word' id='word_1_52' title='bbox 839 623 932 689; x_wconf 81' lang='lat' dir='ltr'>Aquas</span> 
     </span>
     <span class='ocr_line' id='line_1_8' title="bbox 118 686 931 741; baseline -0.001 -1"><span class='ocrx_word' id='word_1_53' title='bbox 118 686 197 740; x_wconf 77' lang='lat' dir='ltr'>vehit</span> <span class='ocrx_word' id='word_1_54' title='bbox 211 703 228 738; x_wconf 89' lang='lat' dir='ltr'>a</span> <span class='ocrx_word' id='word_1_55' title='bbox 242 688 339 740; x_wconf 92' lang='lat' dir='ltr'>colore</span> <span class='ocrx_word' id='word_1_56' title='bbox 352 689 437 738; x_wconf 91' lang='lat' dir='ltr'>maris</span> <span class='ocrx_word' id='word_1_57' title='bbox 453 687 527 738; x_wconf 93' lang='lat' dir='ltr'>haud</span> <span class='ocrx_word' id='word_1_58' title='bbox 540 689 656 741; x_wconf 90' lang='lat' dir='ltr'>multum</span> <span class='ocrx_word' id='word_1_59' title='bbox 675 687 870 740; x_wconf 81' lang='lat' dir='ltr'><strong>abhorrentes.</strong></span> <span class='ocrx_word' id='word_1_60' title='bbox 906 689 931 740; x_wconf 79' lang='lat' dir='ltr'>b.</span> 
     </span>
     <span class='ocr_line' id='line_1_9' title="bbox 120 754 933 824; baseline 0.001 -17"><span class='ocrx_word' id='word_1_61' title='bbox 120 755 244 824; x_wconf 82' lang='lat' dir='ltr'>Ganges,</span> <span class='ocrx_word' id='word_1_62' title='bbox 265 756 388 807; x_wconf 90' lang='lat' dir='ltr'>omnium</span> <span class='ocrx_word' id='word_1_63' title='bbox 403 754 437 806; x_wconf 92' lang='lat' dir='ltr'>ab</span> <span class='ocrx_word' id='word_1_64' title='bbox 453 763 516 807; x_wconf 88' lang='lat' dir='ltr'>ortu</span> <span class='ocrx_word' id='word_1_65' title='bbox 529 757 678 820; x_wconf 82' lang='lat' dir='ltr'>maximus,</span> <span class='ocrx_word' id='word_1_66' title='bbox 699 756 735 808; x_wconf 90' lang='lat' dir='ltr'>ad</span> <span class='ocrx_word' id='word_1_67' title='bbox 749 757 933 808; x_wconf 84' lang='lat' dir='ltr'>meridianam</span> 
     </span>
     <span class='ocr_line' id='line_1_10' title="bbox 117 823 932 892; baseline 0 -17"><span class='ocrx_word' id='word_1_68' title='bbox 117 825 264 892; x_wconf 75' lang='lat' dir='ltr'>regionem</span> <span class='ocrx_word' id='word_1_69' title='bbox 275 823 407 886; x_wconf 85' lang='lat' dir='ltr'>decurrit,</span> <span class='ocrx_word' id='word_1_70' title='bbox 420 830 448 874; x_wconf 86' lang='lat' dir='ltr'>et</span> <span class='ocrx_word' id='word_1_71' title='bbox 457 839 621 891; x_wconf 90' lang='lat' dir='ltr'>magnorum</span> <span class='ocrx_word' id='word_1_72' title='bbox 631 825 765 875; x_wconf 89' lang='lat' dir='ltr'>montium</span> <span class='ocrx_word' id='word_1_73' title='bbox 775 825 843 891; x_wconf 87' lang='lat' dir='ltr'>iuga</span> <span class='ocrx_word' id='word_1_74' title='bbox 853 830 932 875; x_wconf 87' lang='lat' dir='ltr'>recto</span> 
     </span>
     <span class='ocr_line' id='line_1_11' title="bbox 119 889 934 958; baseline -0.001 -15"><span class='ocrx_word' id='word_1_75' title='bbox 119 892 201 943; x_wconf 88' lang='lat' dir='ltr'>alveo</span> <span class='ocrx_word' id='word_1_76' title='bbox 214 892 337 958; x_wconf 85' lang='lat' dir='ltr'>stringit.</span> <span class='ocrx_word' id='word_1_77' title='bbox 366 889 391 941; x_wconf 85' lang='grc'>6.</span> <span class='ocrx_word' id='word_1_78' title='bbox 411 891 479 942; x_wconf 92' lang='lat' dir='ltr'>lnde</span> <span class='ocrx_word' id='word_1_79' title='bbox 490 907 552 957; x_wconf 82' lang='lat' dir='ltr'>epm</span> <span class='ocrx_word' id='word_1_80' title='bbox 564 893 692 943; x_wconf 87' lang='lat' dir='ltr'>obiectae</span> <span class='ocrx_word' id='word_1_81' title='bbox 703 906 787 958; x_wconf 87' lang='lat' dir='ltr'>rupes</span> <span class='ocrx_word' id='word_1_82' title='bbox 797 891 934 942; x_wconf 78' lang='lat' dir='ltr'>inclinant</span> 
     </span>
     <span class='ocr_line' id='line_1_12' title="bbox 119 959 931 1026; baseline -0.001 -17"><span class='ocrx_word' id='word_1_83' title='bbox 119 959 154 1010; x_wconf 86' lang='lat' dir='ltr'>ed</span> <span class='ocrx_word' id='word_1_84' title='bbox 166 959 319 1010; x_wconf 85' lang='lat' dir='ltr'>Orientem.</span> <span class='ocrx_word' id='word_1_85' title='bbox 355 959 446 1024; x_wconf 87' lang='lat' dir='ltr'>thue</span> <span class='ocrx_word' id='word_1_86' title='bbox 461 959 554 1011; x_wconf 86' lang='lat' dir='ltr'>Rubro</span> <span class='ocrx_word' id='word_1_87' title='bbox 570 961 640 1010; x_wconf 86' lang='lat' dir='ltr'>mari</span> <span class='ocrx_word' id='word_1_88' title='bbox 654 961 803 1026; x_wconf 82' lang='lat' dir='ltr'>accipitur,</span> <span class='ocrx_word' id='word_1_89' title='bbox 824 959 931 1010; x_wconf 83' lang='lat' dir='ltr'>findens</span> 
     </span>
     <span class='ocr_line' id='line_1_13' title="bbox 116 1027 931 1094; baseline -0.001 -17"><span class='ocrx_word' id='word_1_90' title='bbox 116 1028 203 1094; x_wconf 90' lang='lat' dir='ltr'>ripas,</span> <span class='ocrx_word' id='word_1_91' title='bbox 213 1027 314 1078; x_wconf 90' lang='lat' dir='ltr'>multas</span> <span class='ocrx_word' id='word_1_92' title='bbox 326 1027 441 1077; x_wconf 86' lang='lat' dir='ltr'>arbores</span> <span class='ocrx_word' id='word_1_93' title='bbox 453 1043 515 1078; x_wconf 92' lang='lat' dir='ltr'>cum</span> <span class='ocrx_word' id='word_1_94' title='bbox 526 1043 626 1094; x_wconf 89' lang='lat' dir='ltr'>magna</span> <span class='ocrx_word' id='word_1_95' title='bbox 636 1028 692 1078; x_wconf 87' lang='lat' dir='ltr'>soli</span> <span class='ocrx_word' id='word_1_96' title='bbox 702 1036 781 1094; x_wconf 86' lang='lat' dir='ltr'>parte</span> <span class='ocrx_word' id='word_1_97' title='bbox 790 1027 931 1078; x_wconf 84' lang='lat' dir='ltr'>exsorbet.</span> 
     </span>
     <span class='ocr_line' id='line_1_14' title="bbox 116 1093 932 1162; baseline 0.001 -19"><span class='ocrx_word' id='word_1_98' title='bbox 116 1095 143 1145; x_wconf 80' lang='lat'>¹1.</span> <span class='ocrx_word' id='word_1_99' title='bbox 155 1093 237 1146; x_wconf 83' lang='lat' dir='ltr'>Saxis</span> <span class='ocrx_word' id='word_1_100' title='bbox 249 1109 360 1162; x_wconf 88' lang='lat' dir='ltr'>quoque</span> <span class='ocrx_word' id='word_1_101' title='bbox 371 1095 531 1159; x_wconf 89' lang='lat' dir='ltr'>impeditus,</span> <span class='ocrx_word' id='word_1_102' title='bbox 544 1097 642 1147; x_wconf 89' lang='lat' dir='ltr'>crebro</span> <span class='ocrx_word' id='word_1_103' title='bbox 654 1097 859 1146; x_wconf 86' lang='lat' dir='ltr'>reverberatur.</span> <span class='ocrx_word' id='word_1_104' title='bbox 878 1095 932 1146; x_wconf 85' lang='lat' dir='ltr'>Ubi</span> 
     </span>
     <span class='ocr_line' id='line_1_15' title="bbox 117 1162 931 1232; baseline 0 -20"><span class='ocrx_word' id='word_1_105' title='bbox 117 1162 232 1212; x_wconf 80' lang='lat' dir='ltr'>mollius</span> <span class='ocrx_word' id='word_1_106' title='bbox 247 1162 338 1212; x_wconf 89' lang='lat' dir='ltr'>solum</span> <span class='ocrx_word' id='word_1_107' title='bbox 353 1162 472 1227; x_wconf 90' lang='lat' dir='ltr'>reperit,</span> <span class='ocrx_word' id='word_1_108' title='bbox 487 1169 613 1231; x_wconf 76' lang='lat' dir='ltr'>stagnat,</span> <span class='ocrx_word' id='word_1_109' title='bbox 631 1162 794 1232; x_wconf 84' lang='lat' dir='ltr'>insulasque</span> <span class='ocrx_word' id='word_1_110' title='bbox 809 1162 931 1214; x_wconf 91' lang='lat' dir='ltr'>molitur.</span> 
     </span>
     <span class='ocr_line' id='line_1_16' title="bbox 117 1229 933 1297; baseline 0.002 -17"><span class='ocrx_word' id='word_1_111' title='bbox 117 1229 252 1280; x_wconf 77' lang='lat' dir='ltr'>Acesines</span> <span class='ocrx_word' id='word_1_112' title='bbox 261 1242 324 1279; x_wconf 88' lang='lat' dir='ltr'>cum</span> <span class='ocrx_word' id='word_1_113' title='bbox 335 1235 429 1295; x_wconf 88' lang='lat' dir='ltr'>auget.</span> <span class='ocrx_word' id='word_1_114' title='bbox 462 1229 487 1280; x_wconf 88' lang='grc'>8.</span> <span class='ocrx_word' id='word_1_115' title='bbox 500 1230 614 1297; x_wconf 77' lang='lat' dir='ltr'>Ganges</span> <span class='ocrx_word' id='word_1_116' title='bbox 625 1230 806 1283; x_wconf 87' lang='lat' dir='ltr'>decursurum</span> <span class='ocrx_word' id='word_1_117' title='bbox 816 1233 844 1281; x_wconf 91' lang='lat' dir='ltr'>in</span> <span class='ocrx_word' id='word_1_118' title='bbox 855 1245 933 1282; x_wconf 82' lang='lat' dir='ltr'>marc</span> 
     </span>
     <span class='ocr_line' id='line_1_17' title="bbox 117 1296 933 1368; baseline 0.007 -24"><span class='ocrx_word' id='word_1_119' title='bbox 117 1296 275 1360; x_wconf 74' lang='lat' dir='ltr'>intercipit,</span> <span class='ocrx_word' id='word_1_120' title='bbox 286 1299 445 1363; x_wconf 83' lang='lat' dir='ltr'>magnoque</span> <span class='ocrx_word' id='word_1_121' title='bbox 458 1304 535 1348; x_wconf 89' lang='lat' dir='ltr'>motu</span> <span class='ocrx_word' id='word_1_122' title='bbox 547 1298 635 1349; x_wconf 88' lang='lat' dir='ltr'>amnis</span> <span class='ocrx_word' id='word_1_123' title='bbox 647 1305 764 1365; x_wconf 87' lang='lat' dir='ltr'>uterque</span> <span class='ocrx_word' id='word_1_124' title='bbox 775 1298 933 1368; x_wconf 83' lang='lat' dir='ltr'>colliditur:</span> 
     </span>
     <span class='ocr_line' id='line_1_18' title="bbox 117 1361 934 1430; baseline 0.009 -19"><span class='ocrx_word' id='word_1_125' title='bbox 117 1363 222 1428; x_wconf 86' lang='lat' dir='ltr'>quippe</span> <span class='ocrx_word' id='word_1_126' title='bbox 239 1361 352 1428; x_wconf 85' lang='lat' dir='ltr'>Ganges</span> <span class='ocrx_word' id='word_1_127' title='bbox 368 1377 498 1429; x_wconf 90' lang='lat' dir='ltr'>asperum</span> <span class='ocrx_word' id='word_1_128' title='bbox 514 1380 546 1416; x_wconf 90' lang='lat' dir='ltr'>os</span> <span class='ocrx_word' id='word_1_129' title='bbox 557 1363 686 1416; x_wconf 77' lang='lat' dir='ltr'>influenti</span> <span class='ocrx_word' id='word_1_130' title='bbox 697 1367 808 1430; x_wconf 86' lang='lat' dir='ltr'>obiicit;</span> <span class='ocrx_word' id='word_1_131' title='bbox 829 1382 881 1417; x_wconf 90' lang='lat' dir='ltr'>nce</span> <span class='ocrx_word' id='word_1_132' title='bbox 892 1381 934 1418; x_wconf 85' lang='lat' dir='ltr'>re·</span> 
     </span>
     <span class='ocr_line' id='line_1_19' title="bbox 118 1430 934 1500; baseline 0.01 -22"><span class='ocrx_word' id='word_1_133' title='bbox 118 1443 269 1496; x_wconf 86' lang='lat' dir='ltr'>percussae</span> <span class='ocrx_word' id='word_1_134' title='bbox 280 1445 368 1497; x_wconf 89' lang='lat' dir='ltr'>aquae</span> <span class='ocrx_word' id='word_1_135' title='bbox 380 1430 491 1482; x_wconf 88' lang='lat' dir='ltr'>cedunt.</span> <span class='ocrx_word' id='word_1_136' title='bbox 528 1433 553 1484; x_wconf 81' lang='lat'>9.</span> <span class='ocrx_word' id='word_1_137' title='bbox 573 1433 739 1500; x_wconf 88' lang='lat' dir='ltr'>Dyardenes</span> <span class='ocrx_word' id='word_1_138' title='bbox 754 1434 844 1484; x_wconf 89' lang='lat' dir='ltr'>minus</span> <span class='ocrx_word' id='word_1_139' title='bbox 861 1435 934 1486; x_wconf 87' lang='lat' dir='ltr'>cele-</span> 
     </span>
    </p>
   </div>
   <div class='ocr_carea' id='block_1_4' title="bbox 25 1496 935 1566">
    <p class='ocr_par' dir='ltr' id='par_1_4' title="bbox 25 1496 935 1566">
     <span class='ocr_line' id='line_1_20' title="bbox 25 1496 935 1566; baseline 0.008 -19"><span class='ocrx_word' id='word_1_140' title='bbox 25 1561 27 1566; x_wconf 28' lang='grc' dir='ltr'>Ι</span> <span class='ocrx_word' id='word_1_141' title='bbox 118 1497 171 1548; x_wconf 90' lang='lat' dir='ltr'>ber</span> <span class='ocrx_word' id='word_1_142' title='bbox 180 1496 277 1547; x_wconf 89' lang='lat' dir='ltr'>auditu</span> <span class='ocrx_word' id='word_1_143' title='bbox 289 1506 341 1562; x_wconf 86' lang='lat' dir='ltr'>est,</span> <span class='ocrx_word' id='word_1_144' title='bbox 351 1499 417 1566; x_wconf 86' lang='lat' dir='ltr'>quie</span> <span class='ocrx_word' id='word_1_145' title='bbox 426 1515 477 1566; x_wconf 89' lang='lat' dir='ltr'>per</span> <span class='ocrx_word' id='word_1_146' title='bbox 487 1501 585 1551; x_wconf 87' lang='lat' dir='ltr'>ultima</span> <span class='ocrx_word' id='word_1_147' title='bbox 595 1500 690 1552; x_wconf 87' lang='lat' dir='ltr'>indiae</span> <span class='ocrx_word' id='word_1_148' title='bbox 702 1503 798 1552; x_wconf 86' lang='lat' dir='ltr'>currit:</span> <span class='ocrx_word' id='word_1_149' title='bbox 808 1509 935 1554; x_wconf 88' lang='lat' dir='ltr'>ceterum</span> 
     </span>
    </p>
   </div>
   <div class='ocr_carea' id='block_1_5' title="bbox 105 1565 935 2784">
    <p class='ocr_par' dir='ltr' id='par_1_5' title="bbox 105 1565 934 2155">
     <span class='ocr_line' id='line_1_21' title="bbox 105 1565 934 1635; baseline 0.005 -17"><span class='ocrx_word' id='word_1_150' title='bbox 105 1580 176 1618; x_wconf 72' lang='lat' dir='ltr'>,non</span> <span class='ocrx_word' id='word_1_151' title='bbox 187 1565 349 1617; x_wconf 88' lang='lat' dir='ltr'>crocodilos</span> <span class='ocrx_word' id='word_1_152' title='bbox 360 1567 454 1628; x_wconf 90' lang='lat' dir='ltr'>modo,</span> <span class='ocrx_word' id='word_1_153' title='bbox 468 1570 508 1619; x_wconf 86' lang='lat' dir='ltr'>uti</span> <span class='ocrx_word' id='word_1_154' title='bbox 519 1568 609 1632; x_wconf 88' lang='lat' dir='ltr'>Nilus,</span> <span class='ocrx_word' id='word_1_155' title='bbox 626 1571 675 1620; x_wconf 89' lang='lat' dir='ltr'>sed</span> <span class='ocrx_word' id='word_1_156' title='bbox 688 1571 772 1620; x_wconf 89' lang='lat' dir='ltr'>etiam</span> <span class='ocrx_word' id='word_1_157' title='bbox 784 1568 934 1635; x_wconf 81' lang='lat' dir='ltr'>delphinos</span> 
     </span>
     <span class='ocr_line' id='line_1_22' title="bbox 117 1631 934 1704; baseline 0.009 -22"><span class='ocrx_word' id='word_1_158' title='bbox 117 1631 129 1682; x_wconf 90' lang='lat' dir='ltr'>i</span> <span class='ocrx_word' id='word_1_159' title='bbox 151 1639 287 1696; x_wconf 85' lang='lat' dir='ltr'>notasque</span> <span class='ocrx_word' id='word_1_160' title='bbox 299 1633 362 1685; x_wconf 87' lang='lat' dir='ltr'>aliis</span> <span class='ocrx_word' id='word_1_161' title='bbox 373 1635 503 1701; x_wconf 87' lang='lat' dir='ltr'>gentibus</span> <span class='ocrx_word' id='word_1_162' title='bbox 514 1636 623 1688; x_wconf 87' lang='lat' dir='ltr'>belluas</span> <span class='ocrx_word' id='word_1_163' title='bbox 638 1637 697 1687; x_wconf 87' lang='lat' dir='ltr'>alit.</span> <span class='ocrx_word' id='word_1_164' title='bbox 734 1638 774 1688; x_wconf 88' lang='lat' dir='ltr'>lo.</span> <span class='ocrx_word' id='word_1_165' title='bbox 794 1637 934 1704; x_wconf 79' lang='lat' dir='ltr'>Eryman-</span> 
     </span>
     <span class='ocr_line' id='line_1_23' title="bbox 117 1647 933 1766; baseline 0.005 -14"><span class='ocrx_word' id='word_1_166' title='bbox 117 1647 198 1763; x_wconf 58' lang='lat' dir='ltr'>tfius,</span> <span class='ocrx_word' id='word_1_167' title='bbox 217 1701 323 1752; x_wconf 86' lang='lat' dir='ltr'>crebris</span> <span class='ocrx_word' id='word_1_168' title='bbox 338 1699 456 1754; x_wconf 84' lang='lat' dir='ltr'>flexibus</span> <span class='ocrx_word' id='word_1_169' title='bbox 472 1705 589 1755; x_wconf 85' lang='lat' dir='ltr'>subinde</span> <span class='ocrx_word' id='word_1_170' title='bbox 609 1712 752 1766; x_wconf 84' lang='lat' dir='ltr'>curvatus,</span> <span class='ocrx_word' id='word_1_171' title='bbox 771 1707 806 1756; x_wconf 92' lang='lat' dir='ltr'>ab</span> <span class='ocrx_word' id='word_1_172' title='bbox 826 1707 933 1756; x_wconf 86' lang='lat' dir='ltr'>accolis</span> 
     </span>
     <span class='ocr_line' id='line_1_24' title="bbox 116 1768 932 1836; baseline 0.009 -18"><span class='ocrx_word' id='word_1_173' title='bbox 116 1768 422 1836; x_wconf 82' lang='lat' dir='ltr'>rigantibuscarpitur.</span> <span class='ocrx_word' id='word_1_174' title='bbox 459 1771 501 1820; x_wconf 82' lang='lat' dir='ltr'>Ea</span> <span class='ocrx_word' id='word_1_175' title='bbox 516 1778 671 1834; x_wconf 85' lang='lat' dir='ltr'>causaest,</span> <span class='ocrx_word' id='word_1_176' title='bbox 691 1788 741 1822; x_wconf 93' lang='lat' dir='ltr'>cur</span> <span class='ocrx_word' id='word_1_177' title='bbox 754 1779 853 1824; x_wconf 84' lang='lat' dir='ltr'>tenues</span> <span class='ocrx_word' id='word_1_178' title='bbox 868 1775 932 1825; x_wconf 89' lang='lat' dir='ltr'>reli-</span> 
     </span>
     <span class='ocr_line' id='line_1_25' title="bbox 118 1837 933 1902; baseline 0.009 -16"><span class='ocrx_word' id='word_1_179' title='bbox 118 1837 198 1902; x_wconf 87' lang='lat' dir='ltr'>quias</span> <span class='ocrx_word' id='word_1_180' title='bbox 211 1837 267 1886; x_wconf 90' lang='lat' dir='ltr'>iam</span> <span class='ocrx_word' id='word_1_181' title='bbox 281 1837 341 1887; x_wconf 86' lang='lat' dir='ltr'>sine</span> <span class='ocrx_word' id='word_1_182' title='bbox 357 1839 468 1890; x_wconf 89' lang='lat' dir='ltr'>nomine</span> <span class='ocrx_word' id='word_1_183' title='bbox 483 1839 511 1888; x_wconf 94' lang='lat' dir='ltr'>in</span> <span class='ocrx_word' id='word_1_184' title='bbox 526 1854 602 1902; x_wconf 76' lang='lat' dir='ltr'>mare</span> <span class='ocrx_word' id='word_1_185' title='bbox 618 1841 735 1890; x_wconf 85' lang='lat' dir='ltr'>emittat.</span> <span class='ocrx_word' id='word_1_186' title='bbox 773 1843 812 1891; x_wconf 93' lang='lat' dir='ltr'>ll.</span> <span class='ocrx_word' id='word_1_187' title='bbox 832 1841 933 1893; x_wconf 88' lang='lat' dir='ltr'>Multis</span> 
     </span>
     <span class='ocr_line' id='line_1_26' title="bbox 117 1901 933 1976; baseline 0.01 -24"><span class='ocrx_word' id='word_1_188' title='bbox 117 1903 293 1968; x_wconf 76' lang='lat' dir='ltr'>praeterires</span> <span class='ocrx_word' id='word_1_189' title='bbox 304 1905 430 1966; x_wconf 86' lang='lat' dir='ltr'>amnibus</span> <span class='ocrx_word' id='word_1_190' title='bbox 441 1912 502 1957; x_wconf 89' lang='lat' dir='ltr'>tota</span> <span class='ocrx_word' id='word_1_191' title='bbox 511 1901 590 1974; x_wconf 85' lang='lat' dir='ltr'>regio</span> <span class='ocrx_word' id='word_1_192' title='bbox 603 1908 747 1969; x_wconf 84' lang='lat' dir='ltr'>dividitur,</span> <span class='ocrx_word' id='word_1_193' title='bbox 762 1909 811 1959; x_wconf 88' lang='lat' dir='ltr'>sed</span> <span class='ocrx_word' id='word_1_194' title='bbox 822 1909 933 1976; x_wconf 82' lang='lat' dir='ltr'>ignobi-</span> 
     </span>
     <span class='ocr_line' id='line_1_27' title="bbox 116 1969 932 2044; baseline 0.01 -24"><span class='ocrx_word' id='word_1_195' title='bbox 116 1969 200 2034; x_wconf 89' lang='lat' dir='ltr'>libus,</span> <span class='ocrx_word' id='word_1_196' title='bbox 217 1973 347 2037; x_wconf 91' lang='lat' dir='ltr'>quianon</span> <span class='ocrx_word' id='word_1_197' title='bbox 359 1972 430 2023; x_wconf 89' lang='lat' dir='ltr'>adeo</span> <span class='ocrx_word' id='word_1_198' title='bbox 441 1973 613 2024; x_wconf 78' lang='lat' dir='ltr'>interfluunt.</span> <span class='ocrx_word' id='word_1_199' title='bbox 655 1976 695 2026; x_wconf 83' lang='grc'>12.</span> <span class='ocrx_word' id='word_1_200' title='bbox 716 1977 846 2032; x_wconf 83' lang='lat' dir='ltr'>Ceterum</span> <span class='ocrx_word' id='word_1_201' title='bbox 859 1992 932 2044; x_wconf 87' lang='lat' dir='ltr'>quae</span> 
     </span>
     <span class='ocr_line' id='line_1_28' title="bbox 116 2039 934 2155; baseline 0.007 -67"><span class='ocrx_word' id='word_1_202' title='bbox 116 2039 251 2155; x_wconf 59' lang='lat' dir='ltr'>propiora</span> <span class='ocrx_word' id='word_1_203' title='bbox 264 2045 328 2089; x_wconf 89' lang='lat' dir='ltr'>sunt</span> <span class='ocrx_word' id='word_1_204' title='bbox 339 2041 569 2108; x_wconf 88' lang='lat' dir='ltr'>mari,aquilones</span> <span class='ocrx_word' id='word_1_205' title='bbox 581 2043 699 2094; x_wconf 85' lang='lat' dir='ltr'>maxime</span> <span class='ocrx_word' id='word_1_206' title='bbox 712 2043 842 2095; x_wconf 84' lang='lat' dir='ltr'>deurunt:</span> <span class='ocrx_word' id='word_1_207' title='bbox 852 2045 873 2095; x_wconf 92' lang='lat' dir='ltr'>ii</span> <span class='ocrx_word' id='word_1_208' title='bbox 886 2053 934 2094; x_wconf 81' lang='lat' dir='ltr'>co·</span> 
     </span>
    </p>

    <p class='ocr_par' dir='ltr' id='par_1_6' title="bbox 116 2106 935 2784">
     <span class='ocr_line' id='line_1_29' title="bbox 136 2106 934 2178; baseline 0.009 -22"><span class='ocrx_word' id='word_1_209' title='bbox 136 2106 200 2157; x_wconf 87' lang='lat' dir='ltr'>ibiti</span> <span class='ocrx_word' id='word_1_210' title='bbox 209 2107 284 2173; x_wconf 87' lang='lat' dir='ltr'>iugis</span> <span class='ocrx_word' id='word_1_211' title='bbox 295 2107 446 2171; x_wconf 84' lang='lat' dir='ltr'>montium,</span> <span class='ocrx_word' id='word_1_212' title='bbox 459 2109 493 2159; x_wconf 88' lang='lat' dir='ltr'>ad</span> <span class='ocrx_word' id='word_1_213' title='bbox 504 2109 641 2160; x_wconf 85' lang='lat' dir='ltr'>interiora</span> <span class='ocrx_word' id='word_1_214' title='bbox 650 2127 706 2161; x_wconf 90' lang='lat' dir='ltr'>non</span> <span class='ocrx_word' id='word_1_215' title='bbox 717 2118 879 2178; x_wconf 84' lang='lat' dir='ltr'>penetrant,</span> <span class='ocrx_word' id='word_1_216' title='bbox 891 2115 934 2163; x_wconf 85' lang='lat' dir='ltr'>ita</span> 
     </span>
     <span class='ocr_line' id='line_1_30' title="bbox 117 2172 934 2246; baseline 0.01 -24"><span class='ocrx_word' id='word_1_217' title='bbox 117 2173 226 2224; x_wconf 84' lang='lat' dir='ltr'>alendis</span> <span class='ocrx_word' id='word_1_218' title='bbox 248 2172 376 2242; x_wconf 78' lang='lat' dir='ltr'>frugibus</span> <span class='ocrx_word' id='word_1_219' title='bbox 396 2176 483 2226; x_wconf 87' lang='lat' dir='ltr'>mitia.</span> <span class='ocrx_word' id='word_1_220' title='bbox 520 2178 560 2228; x_wconf 82' lang='lat'>13.</span> <span class='ocrx_word' id='word_1_221' title='bbox 581 2177 636 2229; x_wconf 87' lang='lat' dir='ltr'>Sed</span> <span class='ocrx_word' id='word_1_222' title='bbox 656 2179 726 2230; x_wconf 89' lang='lat' dir='ltr'>adeo</span> <span class='ocrx_word' id='word_1_223' title='bbox 742 2180 769 2228; x_wconf 87' lang='lat' dir='ltr'>in</span> <span class='ocrx_word' id='word_1_224' title='bbox 784 2179 834 2229; x_wconf 88' lang='lat' dir='ltr'>illa</span> <span class='ocrx_word' id='word_1_225' title='bbox 849 2181 934 2246; x_wconf 86' lang='lat' dir='ltr'>plaga</span> 
     </span>
     <span class='ocr_line' id='line_1_31' title="bbox 117 2241 935 2313; baseline 0.011 -24"><span class='ocrx_word' id='word_1_226' title='bbox 117 2241 235 2292; x_wconf 87' lang='lat' dir='ltr'>mundus</span> <span class='ocrx_word' id='word_1_227' title='bbox 250 2248 338 2293; x_wconf 88' lang='lat' dir='ltr'>statas</span> <span class='ocrx_word' id='word_1_228' title='bbox 352 2249 508 2311; x_wconf 89' lang='lat' dir='ltr'>temporum</span> <span class='ocrx_word' id='word_1_229' title='bbox 520 2245 594 2296; x_wconf 87' lang='lat' dir='ltr'>vices</span> <span class='ocrx_word' id='word_1_230' title='bbox 606 2252 707 2302; x_wconf 85' lang='lat' dir='ltr'>mutat,</span> <span class='ocrx_word' id='word_1_231' title='bbox 723 2253 765 2308; x_wconf 90' lang='lat' dir='ltr'>ut,</span> <span class='ocrx_word' id='word_1_232' title='bbox 781 2263 864 2313; x_wconf 90' lang='lat' dir='ltr'>quum</span> <span class='ocrx_word' id='word_1_233' title='bbox 876 2248 935 2298; x_wconf 88' lang='lat' dir='ltr'>alia</span> 
     </span>
     <span class='ocr_line' id='line_1_32' title="bbox 116 2305 934 2374; baseline 0.012 -18"><span class='ocrx_word' id='word_1_234' title='bbox 116 2305 231 2358; x_wconf 82' lang='lat' dir='ltr'>fervore</span> <span class='ocrx_word' id='word_1_235' title='bbox 247 2310 317 2360; x_wconf 84' lang='lat' dir='ltr'>solis</span> <span class='ocrx_word' id='word_1_236' title='bbox 329 2318 502 2374; x_wconf 77' lang='lat' dir='ltr'>exaestuant,</span> <span class='ocrx_word' id='word_1_237' title='bbox 517 2313 624 2363; x_wconf 90' lang='lat' dir='ltr'>Indiam</span> <span class='ocrx_word' id='word_1_238' title='bbox 636 2315 713 2364; x_wconf 84' lang='lat' dir='ltr'>nives</span> <span class='ocrx_word' id='word_1_239' title='bbox 725 2315 855 2364; x_wconf 80' lang='lat' dir='ltr'>obmunt:</span> <span class='ocrx_word' id='word_1_240' title='bbox 871 2331 934 2366; x_wconf 84' lang='lat' dir='ltr'>rur·</span> 
     </span>
     <span class='ocr_line' id='line_1_33' title="bbox 118 2376 934 2446; baseline 0.015 -23"><span class='ocrx_word' id='word_1_241' title='bbox 118 2388 222 2440; x_wconf 84' lang='lat' dir='ltr'>susque</span> <span class='ocrx_word' id='word_1_242' title='bbox 242 2376 291 2427; x_wconf 91' lang='lat' dir='ltr'>ubi</span> <span class='ocrx_word' id='word_1_243' title='bbox 308 2385 402 2430; x_wconf 85' lang='lat' dir='ltr'>cetera</span> <span class='ocrx_word' id='word_1_244' title='bbox 420 2380 525 2446; x_wconf 87' lang='lat' dir='ltr'>rigent,</span> <span class='ocrx_word' id='word_1_245' title='bbox 545 2380 606 2431; x_wconf 92' lang='lat' dir='ltr'>illic</span> <span class='ocrx_word' id='word_1_246' title='bbox 622 2383 816 2434; x_wconf 82' lang='lat' dir='ltr'>intolerandus</span> <span class='ocrx_word' id='word_1_247' title='bbox 835 2388 934 2434; x_wconf 83' lang='lat' dir='ltr'>aestus</span> 
     </span>
     <span class='ocr_line' id='line_1_34' title="bbox 117 2442 934 2517; baseline 0.015 -27"><span class='ocrx_word' id='word_1_248' title='bbox 117 2442 246 2492; x_wconf 84' lang='lat' dir='ltr'>exsistat.</span> <span class='ocrx_word' id='word_1_249' title='bbox 283 2443 351 2507; x_wconf 90' lang='lat' dir='ltr'>Nec,</span> <span class='ocrx_word' id='word_1_250' title='bbox 372 2462 430 2508; x_wconf 88' lang='lat' dir='ltr'>eur,</span> <span class='ocrx_word' id='word_1_251' title='bbox 452 2447 502 2498; x_wconf 91' lang='lat' dir='ltr'>ulli</span> <span class='ocrx_word' id='word_1_252' title='bbox 518 2463 548 2498; x_wconf 87' lang='lat' dir='ltr'>se</span> <span class='ocrx_word' id='word_1_253' title='bbox 565 2455 680 2499; x_wconf 85' lang='lat' dir='ltr'>naturae</span> <span class='ocrx_word' id='word_1_254' title='bbox 697 2461 781 2500; x_wconf 90' lang='lat' dir='ltr'>causa</span> <span class='ocrx_word' id='word_1_255' title='bbox 800 2451 934 2517; x_wconf 84' lang='lat' dir='ltr'>ingessit.</span> 
     </span>
     <span class='ocr_line' id='line_1_35' title="bbox 119 2509 932 2584; baseline 0.012 -26"><span class='ocrx_word' id='word_1_256' title='bbox 119 2509 160 2560; x_wconf 86' lang='lat'>14.</span> <span class='ocrx_word' id='word_1_257' title='bbox 171 2509 250 2561; x_wconf 89' lang='lat' dir='ltr'>Mare</span> <span class='ocrx_word' id='word_1_258' title='bbox 262 2519 347 2574; x_wconf 88' lang='lat' dir='ltr'>certe,</span> <span class='ocrx_word' id='word_1_259' title='bbox 360 2529 414 2580; x_wconf 92' lang='lat' dir='ltr'>quo</span> <span class='ocrx_word' id='word_1_260' title='bbox 425 2514 549 2575; x_wconf 83' lang='lat' dir='ltr'>alluitur,</span> <span class='ocrx_word' id='word_1_261' title='bbox 561 2531 595 2566; x_wconf 90' lang='lat' dir='ltr'>ne</span> <span class='ocrx_word' id='word_1_262' title='bbox 607 2517 704 2568; x_wconf 88' lang='lat' dir='ltr'>colore</span> <span class='ocrx_word' id='word_1_263' title='bbox 711 2517 822 2584; x_wconf 88' lang='lat' dir='ltr'>quidem</span> <span class='ocrx_word' id='word_1_264' title='bbox 829 2517 932 2569; x_wconf 87' lang='lat' dir='ltr'>abbor-</span> 
     </span>
     <span class='ocr_line' id='line_1_36' title="bbox 117 2580 932 2650; baseline 0.015 -25"><span class='ocrx_word' id='word_1_265' title='bbox 117 2582 162 2626; x_wconf 87' lang='lat' dir='ltr'>ret</span> <span class='ocrx_word' id='word_1_266' title='bbox 176 2591 192 2626; x_wconf 88' lang='lat' dir='ltr'>a</span> <span class='ocrx_word' id='word_1_267' title='bbox 209 2580 320 2629; x_wconf 88' lang='lat' dir='ltr'>ceteris.</span> <span class='ocrx_word' id='word_1_268' title='bbox 337 2582 390 2631; x_wconf 77' lang='lat' dir='ltr'>-Ab</span> <span class='ocrx_word' id='word_1_269' title='bbox 406 2581 528 2648; x_wconf 85' lang='lat' dir='ltr'>Erythro</span> <span class='ocrx_word' id='word_1_270' title='bbox 545 2597 611 2650; x_wconf 85' lang='lat' dir='ltr'>rege</span> <span class='ocrx_word' id='word_1_271' title='bbox 624 2584 743 2635; x_wconf 83' lang='lat' dir='ltr'>inditum</span> <span class='ocrx_word' id='word_1_272' title='bbox 757 2592 800 2636; x_wconf 85' lang='lat' dir='ltr'>est</span> <span class='ocrx_word' id='word_1_273' title='bbox 814 2601 932 2637; x_wconf 88' lang='lat' dir='ltr'>nomen:</span> 
     </span>
     <span class='ocr_line' id='line_1_37' title="bbox 117 2645 933 2717; baseline 0.017 -27"><span class='ocrx_word' id='word_1_274' title='bbox 117 2650 233 2708; x_wconf 86' lang='lat' dir='ltr'>propter</span> <span class='ocrx_word' id='word_1_275' title='bbox 244 2645 319 2710; x_wconf 92' lang='lat' dir='ltr'>quod</span> <span class='ocrx_word' id='word_1_276' title='bbox 329 2645 420 2712; x_wconf 83' lang='lat' dir='ltr'>ignari</span> <span class='ocrx_word' id='word_1_277' title='bbox 432 2649 532 2701; x_wconf 88' lang='lat' dir='ltr'>rubere</span> <span class='ocrx_word' id='word_1_278' title='bbox 543 2665 629 2717; x_wconf 85' lang='lat' dir='ltr'>aquus</span> <span class='ocrx_word' id='word_1_279' title='bbox 640 2653 767 2704; x_wconf 89' lang='lat' dir='ltr'>credunt.</span> <span class='ocrx_word' id='word_1_280' title='bbox 805 2653 846 2705; x_wconf 79' lang='lat'>15.</span> <span class='ocrx_word' id='word_1_281' title='bbox 862 2655 933 2704; x_wconf 82' lang='lat' dir='ltr'>Ter·</span> 
     </span>
     <span class='ocr_line' id='line_1_38' title="bbox 116 2707 933 2784; baseline 0.022 -29"><span class='ocrx_word' id='word_1_282' title='bbox 116 2720 148 2756; x_wconf 84' lang='lat' dir='ltr'>ra</span> <span class='ocrx_word' id='word_1_283' title='bbox 158 2707 208 2759; x_wconf 87' lang='lat' dir='ltr'>lini</span> <span class='ocrx_word' id='word_1_284' title='bbox 219 2709 310 2775; x_wconf 69' lang='lat' dir='ltr'>ferax,</span> <span class='ocrx_word' id='word_1_285' title='bbox 321 2713 387 2764; x_wconf 86' lang='lat' dir='ltr'>inde</span> <span class='ocrx_word' id='word_1_286' title='bbox 398 2715 540 2784; x_wconf 86' lang='lat' dir='ltr'>plerisque</span> <span class='ocrx_word' id='word_1_287' title='bbox 551 2724 726 2772; x_wconf 79' lang='lat' dir='ltr'>suntvestes.</span> <span class='ocrx_word' id='word_1_288' title='bbox 752 2719 832 2772; x_wconf 89' lang='lat' dir='ltr'>Libri</span> <span class='ocrx_word' id='word_1_289' title='bbox 849 2721 933 2772; x_wconf 86' lang='lat' dir='ltr'>arbo·</span> 
     </span>
    </p>
   </div>
   <div class='ocr_carea' id='block_1_6' title="bbox 0 0 1046 3042">
    <p class='ocr_par' dir='ltr' id='par_1_7' title="bbox 0 0 1046 3042">
     <span class='ocr_line' id='line_1_39' title="bbox 0 0 1046 3042; baseline 0 0"><span class='ocrx_word' id='word_1_290' title='bbox 0 0 1046 3042; x_wconf 95' lang='lat' dir='ltr'> </span> 
     </span>
    </p>
   </div>
  </div>
 </body>
</html>
