2036 3030
115 229 148 280 54
182 275 185 284 ,
301 227 432 278 ΙΟΑΝΝ.
457 227 733 280 FRElNSHb'Mll

116 345 177 380 eum
194 343 284 378 rerum
305 330 435 393 impetum
452 345 615 396 cursumque
632 345 711 380 nemo
727 337 873 395 supererat
890 329 920 378 in

116 397 243 457 Graecia,
265 397 311 461 qui
333 403 379 446 aut
394 397 497 447 viribus
511 397 568 446 suis
584 395 816 463 postThebanos,
836 397 921 462 (quo-

114 480 174 514 rum
186 463 277 529 gravis
288 471 426 514 armatura
440 464 558 515 celebris
573 465 638 514 olim
654 463 757 527 fuerat)
773 471 820 512 aut
835 477 920 512 occu-

114 537 180 596 pata
200 529 352 593 Leucadia,
379 531 554 581 munimentis
576 531 737 581 confideret.
774 530 814 578 24.
835 529 920 580 Nam-

116 613 168 664 que
188 597 354 660 Leucadios,
384 599 439 648 situ
460 598 555 666 oppidi
574 605 602 648 et
624 599 736 664 proriso
756 598 783 646 in
805 598 920 664 longam

116 664 290 715 obsidionem
331 671 486 716 commeatu
516 664 645 728 feroces,
679 664 751 714 fame
798 664 920 725 domurt;

115 747 197 799 quum
218 734 394 799 expugnatis,
416 747 486 799 quae
506 735 580 783 circa
599 741 689 794 erant,
712 731 848 792 castellis,
871 730 921 779 ho-

114 801 202 850 mines
222 799 390 850 Leucadiam
412 801 488 851 abire
508 816 623 868 passus,
652 799 770 849 adaucta
792 813 841 864 per
863 801 920 848 sin-

114 867 196 934 gulos
209 867 268 918 dies
279 867 465 929 multitudine,
479 883 586 918 omnem
600 882 694 919 eorum
706 881 806 933 penum
817 863 921 916 exhau-

114 938 207 985 sisset.
253 935 294 984 25.
317 933 404 1000 lgitur
429 949 463 984 ex
483 935 678 1001 Peloponneso
709 948 818 1001 quoque
843 933 921 1000 lega-

114 1003 205 1052 tiones
225 1007 378 1062 venerunt,
410 1001 595 1066 gratulatum,
624 1001 698 1068 quod
725 1000 861 1052 confectis
887 1014 921 1049 ex

116 1070 198 1119 animi
213 1069 351 1118 sententia
369 1067 521 1118 barbaricis
540 1069 633 1130 bellis,
654 1069 736 1120 etiam
749 1067 920 1119 Graecorum

116 1135 287 1204 quorundam
297 1134 475 1184 insolentiam
489 1142 517 1186 et
537 1137 721 1186 temeritatem
742 1137 919 1202 castigasset:

115 1203 157 1254 26.
176 1202 309 1262 Arcades,
336 1201 382 1267 qui
402 1200 542 1253 Thebanis
566 1202 671 1253 auxilio
692 1203 778 1253 futuri
797 1217 827 1253 se
847 1217 920 1252 com-

114 1275 270 1328 moverant,
295 1268 533 1334 duces,.quorum
553 1271 686 1320 instinctu
706 1272 740 1321 ad
764 1285 825 1320 eum
844 1269 920 1320 iuro-

113 1351 173 1388 rem
204 1334 326 1401 prolapsi
355 1343 467 1398 essent,
498 1337 597 1404 capitis
627 1352 656 1388 se
683 1337 918 1389 comdemnavisse

116 1401 300 1468 exponebant.
337 1403 377 1453 27.
397 1403 474 1466 Elei,
493 1404 635 1455 exsulibus
652 1406 710 1455 suis
721 1405 841 1455 reditum
856 1419 919 1455 oon-

117 1471 246 1532 cessisse,
268 1485 322 1520 non
343 1470 377 1520 ob
398 1471 482 1533 aliud,
503 1472 555 1522 nisi
577 1471 650 1539 quod
662 1472 818 1523 Alexandro
839 1486 918 1522 caros

116 1538 299 1602 accepissent.
336 1539 377 1588 28.
397 1538 432 1588 Et
450 1540 542 1590 Aetoli
563 1546 776 1602 excusaverunt,
804 1540 877 1606 quod
890 1541 917 1589 in

115 1606 201 1656 tantis
222 1604 357 1657 Graeciae
380 1606 486 1669 turbis,
511 1607 634 1674 ipsorum
655 1622 765 1674 quoque
784 1621 852 1674 gens
872 1621 919 1656 no·

116 1688 211 1723 vorum
232 1673 413 1724 consiliorum
436 1689 534 1741 expers
559 1690 614 1725 non
638 1673 746 1726 luisset.
792 1673 833 1724 29.
862 1673 918 1724 Me·
1004 1671 1005 1674 ’

115 1756 249 1808 gerenses
269 1741 333 1792 nori
353 1743 464 1809 generis
484 1741 590 1794 honore
609 1743 694 1793 risum
715 1742 794 1809 regi,
818 1742 917 1808 quique

116 1809 191 1861 circa
207 1825 268 1860 eum
286 1817 373 1872 erant,
395 1820 611 1872 commoverant,
630 1809 796 1871 referentes,
817 1809 852 1859 ob
863 1814 917 1859 stu-

116 1877 190 1927 dium
217 1883 245 1928 et
267 1877 403 1930 beneficia
427 1878 577 1929 Alexandri
601 1878 628 1926 in
651 1877 793 1938 Graecos,
823 1875 917 1944 Mega·

114 1946 204 1994 rensis
231 1945 324 2010 populi
348 1945 420 1996 scito
446 1946 586 1995 civitatem
609 1944 652 1994 illi
673 1945 812 1995 decretam
838 1957 916 1994 esse:

115 2011 205 2062 donec
224 2011 368 2061 intellecto
379 2047 386 2073 ,
419 2011 522 2061 nemini
542 2011 576 2060 ad
596 2025 658 2060 eum
681 2012 771 2073 diem,
802 2017 916 2076 excepto

115 2077 247 2140 Hercule,
260 2078 287 2130 id
299 2076 413 2128 honoris
425 2076 556 2137 habitum,
568 2078 658 2130 laetus
669 2079 784 2144 accepit.
811 2079 852 2129 30.
869 2078 916 2127 Ce-

116 2147 184 2196 teris
203 2145 366 2212 respondit,
395 2144 467 2204 nibil
489 2146 542 2196 sibi
563 2146 656 2211 quiete
679 2152 708 2196 et
729 2145 917 2198 incolumitate

116 2212 252 2263 Graeciae
277 2213 416 2278 antiquius
438 2227 518 2262 esser
546 2213 629 2264 modo
655 2215 684 2264 in
708 2219 850 2279 posterum
872 2225 916 2262 no-

114 2281 157 2328 ris
180 2280 262 2330 rebus
289 2281 477 2343 abstinerent3
507 2281 720 2348 praeteritorum
745 2282 852 2330 reniam
879 2277 916 2328 ia-

114 2346 169 2396 cile
184 2347 348 2397 concedere.
385 2347 425 2397 31.
441 2347 544 2398 Verum
563 2349 705 2416 Spartanis
725 2348 844 2403 niaxime
868 2345 916 2396 dii-

116 2413 191 2474 lisus,
212 2411 357 2464 Philiadae
374 2414 478 2466 liberos
500 2416 658 2479 Messenen,
678 2417 751 2466 unde
771 2416 841 2481 pulsi
861 2413 917 2464 iue-

114 2486 194 2541 rant,
233 2481 373 2532 restitnit:
408 2482 541 2534 Pellenen
576 2482 749 2534 Achaeorum
781 2481 917 2533 Chaeroni

113 2546 245 2599 tradidit:
274 2547 443 2617 Sicyonem,
474 2551 584 2617 aliaque
605 2549 793 2666 Peloponnesi
818 2547 917 2616 oppida

114 2631 164 2681 per
180 2617 296 2668 clientes
317 2633 383 2669 suos
403 2616 509 2680 habuit,
529 2619 577 2684 qui
596 2620 674 2669 consi
688 2617 716 2667 ie
731 2615 916 2670 Lacedaemo-

114 2683 222 2734 niorum
242 2699 275 2736 ex
295 2687 450 2752 propinquo
470 2686 688 2752 specularentur.
724 2685 764 2735 32.
785 2686 842 2736 Tot
859 2689 916 2733 tan-

114 2750 206 2816 tisque
232 2754 315 2804 rebus
345 2753 523 2820 perficiendis
552 2751 633 2818 pauci
665 2766 774 2804 menses
802 2749 916 2802 suffece-
