2054 3030
197 135 202 139 ’
274 165 419 216 creua
444 165 491 217 ιιι.
521 166 614 218 cnr.
636 169 676 218 ιι.
826 165 877 218 12⁷

66 265 220 328 eminebat,
238 273 266 317 et
276 269 333 318 suis
349 267 428 318 adse
443 268 586 330 tuendum,
603 274 630 319 et
646 267 774 320 hostibus
789 268 825 319 ad
834 267 875 318 in-

66 335 248 396 cessendum,
269 335 367 400 ingens
383 336 601 386 incitamentum.
643 335 666 385 8.
690 339 766 403 Ergo
787 335 877 386 frater

65 400 286 462 eiusOxathres,
299 418 380 468 quum
390 402 575 454 Alexandrum
586 404 690 452 instare
701 405 727 460 ei
738 411 875 466 cerneret,

65 471 191 535 equites,
212 469 310 535 quibus
323 477 465 536 praeerat,
486 478 549 520 aute
569 471 661 536 ipsum
676 485 785 520 currum
799 472 875 539 regis

64 536 185 598 obiecit,
201 537 284 587 armis
295 542 323 589 et
332 538 434 589 robore
445 539 572 604 corporis
582 537 697 588 multum
709 553 792 602 super
801 545 875 590 eete-

62 619 115 654 ros
132 603 268 668 eminens,
289 607 380 656 animo
399 621 466 656 vero
483 613 512 656 et
525 607 632 672 pietate
647 606 674 654 in
689 606 874 670 paucissimis.

61 672 120 720 lllo
132 672 229 738 utique
238 673 347 738 proelio
359 673 464 734 clarus,
485 673 557 723 alios
572 672 728 738 improvide
738 674 875 724 instantes

60 741 229 807 prostravit,
239 741 311 790 alios
320 742 348 790 in
359 740 453 807 fugam
465 743 574 791 avertit.
610 739 634 790 9.
650 742 685 789 At
695 739 875 802 Macedones,

62 805 115 874 qui
136 806 211 858 circa
223 823 319 875 regern
334 813 425 868 erant,
445 813 540 858 mutua
554 805 751 858 adhortatione
767 807 876 870 firmati,

63 889 130 926 cum
149 875 211 940 ipso
226 876 255 926 in
276 876 401 940 equitum
417 888 517 940 agmen
531 875 694 942 irrumpunt.
724 875 796 925 Tum
808 871 875 925 ¹vero
966 909 969 918 ·

63 942 169 993 similis
185 945 282 994 ruinae
297 947 406 1008 strages
422 948 491 992 erat.
526 941 607 993 Circa
621 955 730 994 currum
743 941 825 993 Darii
837 943 877 992 ia-

63 1010 170 1061 cebant
180 1010 348 1061 nobilissimi
359 1009 459 1072 duces,
480 1014 543 1060 ante
561 1010 659 1062 oculos
672 1011 749 1078 regis
761 1009 877 1078 egregia

62 1083 159 1130 morte
171 1075 306 1139 defuncti,
319 1091 413 1128 omncs
424 1078 452 1126 in
463 1092 513 1127 ora
524 1081 615 1143 proni,
626 1079 700 1129 sicut
710 1078 878 1130 dimicantes

60 1144 288 1214 procubuerant,
308 1145 425 1196 adverso
441 1160 558 1212 corpore
569 1145 730 1198 vulneribus
741 1145 874 1213 acceptis.

63 1217 106 1264 10.
130 1212 206 1262 lnter
221 1209 271 1262 hos
285 1211 412 1280 Atizyes,
434 1220 463 1263 et
479 1212 691 1278 Rheomithres,
712 1220 741 1266 et
758 1214 875 1266 Sataces

62 1287 183 1348 praetor
200 1280 333 1350 Aegypti,
353 1295 515 1348 magnorum
535 1283 709 1334 exercituum
727 1282 874 1349 praefecti,
892 1345 898 1351 ι

63 1347 290 1400 noscitabantur:
303 1352 377 1400 circa
388 1364 437 1400 eos
448 1351 588 1401 cumulata
598 1356 658 1401 erat
667 1351 874 1418 peditumequi-

61 1430 181 1483 tumque
195 1416 343 1467 obscurior
355 1418 444 1468 turha.
480 1419 665 1470 Macedonum
677 1434 797 1486 quoque,
818 1434 874 1470 non
944 1427 946 1431 ’

63 1484 180 1552 quidem
189 1483 279 1547 multi,
289 1485 340 1535 sed
350 1487 533 1551 promtissimi
541 1492 643 1548 tamen,
654 1488 730 1540 caesi
741 1494 819 1537 sunt:
833 1487 874 1536 in-

62 1563 110 1603 ter
121 1566 191 1618 quos
201 1550 354 1603 Alexandri
369 1554 514 1604 dexterum
527 1553 618 1605 femur
629 1554 732 1605 leviter
741 1569 874 1606 mucrone

62 1619 245 1687 perstrictum
265 1626 316 1671 est.
354 1621 393 1669 11.
413 1620 524 1687 lamque
540 1622 586 1686 qui
601 1620 716 1672 Dorium
735 1620 876 1674 vehebant

63 1688 142 1756 equi,
153 1685 279 1743 confossi
289 1685 377 1738 hastis
390 1687 524 1738 etdolore
536 1688 655 1750 efferati,
673 1690 769 1756 iugum
780 1695 875 1754 quate-

61 1771 97 1808 re
109 1762 138 1808 ct
147 1770 242 1822 regem
254 1769 336 1805 curru
347 1760 477 1806 excutere
487 1762 648 1820 coeperant:
664 1772 746 1822 quum
760 1755 818 1815 ille,
831 1768 876 1804 ve·

61 1826 138 1876 ritus
148 1837 183 1874 ne
193 1823 271 1873 vivus
282 1823 391 1873 veniret
401 1823 428 1871 in
439 1821 561 1872 hostium
571 1828 749 1888 potestatem,
771 1822 875 1881 desilit,

63 1892 135 1944 etin
147 1905 256 1958 equum,
267 1893 314 1958 qui
325 1891 360 1941 ad
370 1889 425 1941 hoc
435 1889 613 1957 sequebatur,
630 1889 794 1955 imponitur.-
809 1889 879 1940 insi·

62 1959 168 2029 gnihus
180 1973 289 2026 quoque
300 1959 419 2025 imperii,
431 1973 465 2009 ne
476 1957 570 2025 fugam
581 1958 741 2024 proderent,
761 1957 875 2007 indeco-

2 2029 3 2064 l
60 2045 96 2081 re
107 2025 233 2076 abiectis.
271 2027 312 2077 11.
332 2029 403 2078 Tunr
416 2041 483 2077 vero
499 2028 586 2077 ceteri
603 2026 874 2091 dissipanturmetu3

63 2102 95 2148 et
106 2109 163 2162 qua
172 2095 271 2161 cuique
282 2095 397 2160 patebat
406 2095 441 2146 ad
451 2093 546 2162 fugam
557 2095 611 2157 ria,
629 2100 785 2161 erumpunt,
799 2105 876 2142 arma

58 2165 220 2225 iacientes,
249 2176 319 2228 quae
340 2162 433 2229 psullo
452 2171 515 2213 ante
535 2163 571 2213 ad
590 2163 706 2213 tutelam
727 2175 876 2226 corporum

61 2247 125 2283 sum
147 2235 250 2280 serunt:
277 2230 347 2280 adeo
362 2246 449 2296 pavor
469 2231 553 2281 etiam
573 2231 677 2281 auxilia
695 2227 875 2279 formidabat.

58 2300 105 2352 13.
122 2245 248 2348 ilirstabat
257 2297 429 2365 fugientibus
440 2313 526 2364 eques
539 2313 556 2348 a
565 2298 751 2348 Parmenione
762 2297 874 2360 missus,

59 2375 94 2420 et
108 2365 183 2416 forte
197 2365 225 2415 in
235 2366 306 2417 illud
317 2381 403 2416 cornu
415 2380 510 2417 omnes
521 2364 589 2432 fuga
600 2365 763 2418 abstulerat.
798 2363 836 2416 At
845 2367 873 2415 in

58 2439 166 2487 dextro
182 2433 285 2486 Persae
300 2432 454 2485 Thessalos
469 2433 578 2501 equites
593 2431 773 2485 vehementer
792 2449 873 2501 urge·

57 2506 142 2557 bant.
180 2501 360 2568 reatamque
380 2517 435 2552 una
455 2503 499 2553 ala
516 2503 578 2567 ipso
598 2502 703 2568 impetu
713 2503 874 2568 proculcata

57 2575 142 2624 erut:
164 2585 246 2635 quum
257 2568 399 2632 Thessali,
421 2577 535 2622 strenue
551 2570 726 2621 circumactis
741 2572 820 2638 equis
833 2569 873 2619 di-

54 2638 146 2707 lapsi,
157 2651 254 2688 rursus
264 2637 292 2687 in
303 2637 440 2704 proelium
450 2638 584 2700 redeunt,
606 2645 634 2688 et
643 2653 756 2704 sparsos
767 2641 872 2688 incom-

56 2708 230 2780 positusque
243 2705 378 2756 victoriae
395 2705 497 2757 fiducia
508 2705 644 2758 barbaros
659 2707 767 2774 ingenti
787 2701 874 2755 caede
