2048 3034
85 262 136 312 ²14
302 257 473 319 QUINTI
503 256 670 310 cuu'rll

86 377 198 422 marum,
221 376 273 426 pua
278 358 430 426 praeterita
444 357 586 421 tolerastis,
606 355 791 438 experiamini,
812 353 887 424 quta-

85 494 199 548 mctaria
209 495 321 562 egregia
332 493 497 556 nobilitabit,
509 501 558 546 aut
562 509 666 562 pugna.

135 563 183 614 lX.
203 563 282 614 Haec
292 565 402 614 dicente
413 561 510 625 Dario,
531 561 686 630 praesentis
696 559 815 677 periculi
827 573 890 624 spe-

87 631 144 682 cies
165 631 285 682 omnium
308 629 390 680 simul
409 631 495 681 corda
514 631 676 694 animosque
716 639 814 678 errore
828 641 892 694 per·

87 699 249 750 strinxerats
272 713 323 748 nee
337 703 385 748 aut
399 697 547 748 consilium
565 695 740 763 suppetebat,
760 699 809 746 aut
821 707 891 756 νοις

87 782 169 834 quum
181 766 348 826 Artabazus,
359 765 564 816 vetustissimus
575 766 735 824 amicorum,
747 777 827 829 quem
840 759 891 812 ho-

87 836 187 901 spitem
201 833 289 885 fuisse
305 831 425 900 Philippi
440 846 523 899 saepe
535 831 663 894 diximus,
683 827 740 880 Nes
754 845 826 890 aera,
847 831 890 880 iu-

88 905 156 969 quit,
171 899 366 969 pretiasissima
385 899 496 951 uestrum
514 898 614 961 induti,
634 897 767 964 annaque
787 904 890 976 quanta

87 969 203 1021 marcium
220 969 292 1019 culta
301 982 440 1033 pessumas
456 965 591 1028 adornati,
611 981 701 1034 regem
713 965 742 1016 in
755 979 840 1015 assem
849 979 890 1016 sc-

88 1053 216 1106 quamam
225 1051 257 1086 ea
267 1033 371 1101 quidem
381 1032 622 1096 montanistarum
631 1041 663 1084 at
671 1047 890 1099 speremus,mar-

87 1114 139 1156 tem
149 1119 202 1154 aaa
212 1117 368 1153 recusemus.
404 1104 429 1151 2.
440 1103 562 1153 Assensu
574 1115 708 1167 excepere
719 1099 807 1151 ceteri
818 1097 892 1150 bane

87 1186 194 1222 vocem.
218 1167 273 1220 Sed
283 1167 471 1230 Nabarzanes,
483 1170 567 1236 quiin
579 1167 677 1220 eudem
688 1166 807 1218 consilio
820 1172 891 1228 erat,

88 1255 148 1290 cum
162 1237 251 1287 Besso
271 1235 389 1286 inauditi
410 1242 492 1286 antea
506 1235 640 1286 facinoris
654 1236 790 1287 sacietate
810 1235 891 1298 inita,

88 1319 182 1372 regens
203 1318 280 1353 suum
302 1317 352 1368 per
371 1303 487 1365 milites,
514 1302 612 1370 quibus
632 1303 713 1354 ambo
733 1309 892 1370 praeerant,

88 1369 324 1437 comprehendere
336 1377 365 1421 et
373 1370 479 1421 vincire
490 1369 682 1422 decreverant:
704 1375 893 1431 eapientem

89 1443 112 1491 si
123 1438 279 1489 Alexander
288 1441 365 1505 ipsus
376 1438 518 1490 insecutus
528 1437 612 1500 iuret,
632 1436 736 1488 tradita
747 1452 814 1504 rege
826 1438 891 1489 viro

89 1508 191 1558 inirent
200 1506 317 1573 gratiam
329 1507 456 1570 victuris,
474 1507 567 1573 magni
577 1504 705 1572 proiecto
716 1506 825 1572 cepisse
835 1503 893 1554 Da-

89 1577 158 1627 sium
180 1575 364 1638 aestimatum
385 1575 428 1625 sin
447 1581 538 1625 autem
560 1589 621 1626 eum
643 1572 767 1640 effugere
786 1573 894 1639 patuis-

90 1650 160 1705 sent,
176 1641 325 1694 interiectu
336 1643 434 1704 Dario,
450 1657 566 1710 regnum
577 1641 630 1691 sibi
642 1648 819 1707 occuparent,
832 1639 894 1690 bel·

89 1712 200 1777 lamque
220 1718 395 1762 renovarent.
431 1710 455 1760 3.
475 1711 538 1760 Huc
551 1709 728 1777 parricidium
745 1724 827 1775 quum
844 1699 894 1758 diu

68 1838 72 1845 Ι
88 1780 273 1839 salutassent,
285 1777 476 1840 Nabarzanes,
492 1777 595 1828 aditum
607 1775 730 1826 nefariae
740 1776 800 1894 spei
813 1789 893 1841 prse-

89 1861 198 1912 parans,
220 1845 290 1907 Scia
310 1862 359 1908 me,
381 1847 481 1912 inquit,
500 1842 659 1896 senteutiam
678 1859 732 1894 esse
763 1841 891 1905 icturam',

87 1913 177 1981 padusa
189 1912 274 1978 specie
287 1913 493 1979 haudquaquam
505 1911 614 1962 auribus
625 1910 677 1962 tuis
685 1919 804 1980 gratam.
840 1909 896 1962 Sed

90 1979 185 2032 medici
204 1994 307 2046 quaque
324 1978 465 2045 grauiores
478 1978 584 2030 marias
597 1978 696 2046 asperis
711 1975 832 2030 remediis
847 1988 893 2029 c'a-

90 2057 170 2110 raut;
190 2055 217 2098 ct
226 2046 401 2114 gubernatur,
422 2044 469 2096 ubi
480 2045 656 2115 uarcfragium
671 2045 753 2108 timet,
773 2044 894 2108 iactura,

92 2113 221 2184 quidquid
237 2111 442 2178 seraart'patest,
457 2110 572 2164 redimit.
607 2115 632 2164 4.
643 2113 707 2182 Ege
720 2122 818 2176 tamea,
838 2129 895 2165 nan

90 2192 121 2233 ut
130 2183 253 2233 damnum
265 2178 367 2245 quidem
370 2178 472 2248 facias,
479 2181 577 2232 suadeo
583 2197 596 2244 ;
605 2182 652 2232 scd
661 2189 692 2232 ut
701 2189 726 2232 te
735 2197 769 2236 aa
779 2195 896 2248 regnam

91 2259 165 2299 tuum
184 2245 287 2298 salubri
297 2245 403 2298 renunc
416 2263 561 2300 conserues.
597 2247 658 2300 Diis
672 2249 787 2300 aduersis
798 2247 895 2299 belluae

91 2313 187 2366 inimus
192 2331 204 2374 ,·
215 2321 241 2364 et
246 2312 374 2380 pertinax
376 2313 496 2383 fortuna
507 2314 604 2367 Persas
614 2333 712 2384 urgere
722 2332 776 2367 aaa
786 2314 894 2366 desinit.

92 2379 174 2434 Nauis
183 2379 268 2432 ius‘te's’s
278 2389 304 2432 et
315 2381 444 2434 ominibus
454 2398 519 2450 apua
529 2391 575 2434 est.
613 2383 766 2450 Auspicium
776 2391 804 2434 et
811 2381 895 2450 impe-

92 2448 161 2501 rium
172 2447 220 2499 aas·
228 2449 305 2500 trade
313 2447 436 2513 iuterim,
448 2451 495 2518 qui
503 2450 605 2502 tamdiu
616 2467 665 2504 rex
674 2453 835 2519 appelletur,
848 2451 895 2501 da·

91 2533 140 2568 nec
149 2515 214 2567 Asia
225 2517 334 2568 decedat
343 2516 444 2579 bastin
454 2519 540 2569 victur
551 2518 643 2571 danda
653 2533 765 2586 regnum
775 2516 827 2569 aas·
834 2517 895 2568 red-

91 2585 145 2636 dat.
191 2583 215 2634 5.
234 2583 296 2637 Hac
314 2594 401 2636 autem
423 2585 497 2637 breui
510 2585 635 2652 funerum
654 2587 725 2638 ratic
742 2583 893 2654 promittit.

91 2650 195 2703 Bactra
204 2652 392 2704 intactarum:
402 2651 589 2704 indiscussae
598 2652 627 2704 ia
638 2661 686 2705 tua
691 2661 841 2721 potestate.-
852 2659 897 2703 tat

89 2719 192 2786 papuli,
204 2728 245 2772 tat
254 2719 398 2784 exercitus,
408 2729 449 2771 tot
458 2719 576 2788 equitum
581 2720 753 2788 peditumque
762 2719 847 2772 uitas
857 2720 897 2770 ad

93 2789 272 2840 renouandum
291 2789 384 2841 bellam
402 2787 470 2839 uires
486 2797 600 2855 paratas
620 2787 736 2850 tabem,-
755 2795 786 2839 ut
804 2786 896 2838 maiar

87 429 151 496 quid
159 427 260 479 deiude
270 425 336 496 fars
351 426 450 478 tulerit.
487 425 532 478 Me
546 433 659 478 certata
671 431 830 493 perpetuum
840 430 890 474 aut
