<?xml version="1.0" encoding="UTF-8"?>
<!DOCTYPE html PUBLIC "-//W3C//DTD XHTML 1.0 Transitional//EN"
    "http://www.w3.org/TR/xhtml1/DTD/xhtml1-transitional.dtd">
<html xmlns="http://www.w3.org/1999/xhtml" xml:lang="en" lang="en">
 <head>
  <title>
</title>
<meta http-equiv="Content-Type" content="text/html;charset=utf-8" />
  <meta name='ocr-system' content='tesseract 3.04.00' />
  <meta name='ocr-capabilities' content='ocr_page ocr_carea ocr_par ocr_line ocrx_word'/>
</head>
<body>
  <div class='ocr_page' id='page_1' title='image "./qcurtiirufidere00johagoog_0414.png"; bbox 0 0 2098 3040; ppageno 0'>
   <div class='ocr_carea' id='block_1_1' title="bbox 111 223 694 287">
    <p class='ocr_par' dir='ltr' id='par_1_1' title="bbox 111 223 694 287">
     <span class='ocr_line' id='line_1_1' title="bbox 111 223 694 287; baseline -0.01 -9"><span class='ocrx_word' id='word_1_1' title='bbox 111 231 159 278; x_wconf 75' lang='lat'><strong>402</strong></span> <span class='ocrx_word' id='word_1_2' title='bbox 327 224 494 287; x_wconf 78' lang='lat' dir='ltr'><strong>QulN&#39;rl</strong></span> <span class='ocrx_word' id='word_1_3' title='bbox 530 223 694 276; x_wconf 85' lang='lat' dir='ltr'><strong>CURTll</strong></span> 
     </span>
    </p>
   </div>
   <div class='ocr_carea' id='block_1_2' title="bbox 107 285 914 1874">
    <p class='ocr_par' dir='ltr' id='par_1_2' title="bbox 107 285 914 1874">
     <span class='ocr_line' id='line_1_2' title="bbox 880 285 885 308; baseline 0 0"><span class='ocrx_word' id='word_1_4' title='bbox 880 285 885 308; x_wconf 86' lang='grc'><strong>1</strong></span> 
     </span>
     <span class='ocr_line' id='line_1_3' title="bbox 111 323 913 380; baseline -0.006 0"><span class='ocrx_word' id='word_1_5' title='bbox 111 347 127 380; x_wconf 80' lang='lat' dir='ltr'><strong>a</strong></span> <span class='ocrx_word' id='word_1_6' title='bbox 140 326 292 380; x_wconf 82' lang='lat' dir='ltr'><strong>victoribus</strong></span> <span class='ocrx_word' id='word_1_7' title='bbox 302 327 331 378; x_wconf 91' lang='lat' dir='ltr'><strong>in</strong></span> <span class='ocrx_word' id='word_1_8' title='bbox 341 327 480 378; x_wconf 90' lang='lat' dir='ltr'><strong>communi</strong></span> <span class='ocrx_word' id='word_1_9' title='bbox 490 325 589 376; x_wconf 90' lang='lat' dir='ltr'><strong>dolore</strong></span> <span class='ocrx_word' id='word_1_10' title='bbox 600 325 730 376; x_wconf 79' lang='lat' dir='ltr'><strong>discerni.</strong></span> <span class='ocrx_word' id='word_1_11' title='bbox 758 323 862 374; x_wconf 80' lang='lat' dir='ltr'>Persae</span> <span class='ocrx_word' id='word_1_12' title='bbox 872 324 913 375; x_wconf 91' lang='lat' dir='ltr'><strong>iu·</strong></span> 
     </span>
     <span class='ocr_line' id='line_1_4' title="bbox 110 391 912 459; baseline -0.005 -13"><span class='ocrx_word' id='word_1_13' title='bbox 110 395 260 446; x_wconf 89' lang='lat' dir='ltr'><strong>stissimum</strong></span> <span class='ocrx_word' id='word_1_14' title='bbox 271 395 485 445; x_wconf 80' lang='lat' dir='ltr'><strong>semitissimum</strong></span> <span class='ocrx_word' id='word_1_15' title='bbox 494 392 643 454; x_wconf 88' lang='lat' dir='ltr'><strong>dominum,</strong></span> <span class='ocrx_word' id='word_1_16' title='bbox 658 391 830 443; x_wconf 76' lang='lat' dir='ltr'>Macedones</span> <span class='ocrx_word' id='word_1_17' title='bbox 840 393 912 459; x_wconf 88' lang='lat' dir='ltr'><strong>opti-</strong></span> 
     </span>
     <span class='ocr_line' id='line_1_5' title="bbox 108 461 913 527; baseline -0.006 -12"><span class='ocrx_word' id='word_1_18' title='bbox 108 477 181 516; x_wconf 89' lang='lat' dir='ltr'><strong>mum</strong></span> <span class='ocrx_word' id='word_1_19' title='bbox 203 477 235 513; x_wconf 87' lang='lat' dir='ltr'><strong>ae</strong></span> <span class='ocrx_word' id='word_1_20' title='bbox 255 461 438 513; x_wconf 81' lang='lat' dir='ltr'><strong>fortissimum</strong></span> <span class='ocrx_word' id='word_1_21' title='bbox 456 474 552 527; x_wconf 87' lang='lat' dir='ltr'><strong>regem</strong></span> <span class='ocrx_word' id='word_1_22' title='bbox 569 461 747 522; x_wconf 86' lang='lat' dir='ltr'><strong>invocantes,</strong></span> <span class='ocrx_word' id='word_1_23' title='bbox 770 464 913 510; x_wconf 88' lang='lat' dir='ltr'><strong>certamen</strong></span> 
     </span>
     <span class='ocr_line' id='line_1_6' title="bbox 109 525 913 598; baseline -0.004 -18"><span class='ocrx_word' id='word_1_24' title='bbox 109 529 247 598; x_wconf 80' lang='lat' dir='ltr'><strong>quoddam</strong></span> <span class='ocrx_word' id='word_1_25' title='bbox 270 531 408 580; x_wconf 89' lang='lat' dir='ltr'><strong>moeroris</strong></span> <span class='ocrx_word' id='word_1_26' title='bbox 432 527 559 580; x_wconf 76' lang='lat' dir='ltr'><strong>edebant.</strong></span> <span class='ocrx_word' id='word_1_27' title='bbox 596 528 636 577; x_wconf 83' lang='lat' dir='ltr'><strong>lo.</strong></span> <span class='ocrx_word' id='word_1_28' title='bbox 660 525 719 578; x_wconf 87' lang='lat' dir='ltr'><strong>Neo</strong></span> <span class='ocrx_word' id='word_1_29' title='bbox 739 532 913 577; x_wconf 83' lang='lat' dir='ltr'><strong>moestorum</strong></span> 
     </span>
     <span class='ocr_line' id='line_1_7' title="bbox 107 593 911 662; baseline -0.005 -14"><span class='ocrx_word' id='word_1_30' title='bbox 107 597 208 659; x_wconf 85' lang='lat' dir='ltr'><strong>solum,</strong></span> <span class='ocrx_word' id='word_1_31' title='bbox 219 597 269 647; x_wconf 88' lang='lat' dir='ltr'><strong>sed</strong></span> <span class='ocrx_word' id='word_1_32' title='bbox 280 597 364 647; x_wconf 86' lang='lat' dir='ltr'><strong>etiam</strong></span> <span class='ocrx_word' id='word_1_33' title='bbox 372 595 575 662; x_wconf 79' lang='lat' dir='ltr'><strong>indignantium</strong></span> <span class='ocrx_word' id='word_1_34' title='bbox 585 609 669 645; x_wconf 87' lang='lat' dir='ltr'><strong>voees</strong></span> <span class='ocrx_word' id='word_1_35' title='bbox 681 593 911 656; x_wconf 84' lang='lat' dir='ltr'><strong>exaudiebantur,</strong></span> 
     </span>
     <span class='ocr_line' id='line_1_8' title="bbox 108 660 913 727; baseline -0.007 -11"><span class='ocrx_word' id='word_1_36' title='bbox 108 672 164 716; x_wconf 88' lang='lat' dir='ltr'><strong>tam</strong></span> <span class='ocrx_word' id='word_1_37' title='bbox 180 664 297 715; x_wconf 82' lang='lat' dir='ltr'><strong>viridem</strong></span> <span class='ocrx_word' id='word_1_38' title='bbox 313 671 342 714; x_wconf 89' lang='lat' dir='ltr'><strong>et</strong></span> <span class='ocrx_word' id='word_1_39' title='bbox 354 663 383 713; x_wconf 91' lang='lat' dir='ltr'><strong>ln</strong></span> <span class='ocrx_word' id='word_1_40' title='bbox 397 661 466 713; x_wconf 89' lang='lat' dir='ltr'><strong>llere</strong></span> <span class='ocrx_word' id='word_1_41' title='bbox 476 663 579 712; x_wconf 86' lang='lat' dir='ltr'><strong>aetatis</strong></span> <span class='ocrx_word' id='word_1_42' title='bbox 588 660 783 727; x_wconf 81' lang='lat' dir='ltr'><strong>fortunaeque,</strong></span> <span class='ocrx_word' id='word_1_43' title='bbox 804 661 913 712; x_wconf 79' lang='lat' dir='ltr'><strong>invidia</strong></span> 
     </span>
     <span class='ocr_line' id='line_1_9' title="bbox 108 727 912 798; baseline -0.002 -16"><span class='ocrx_word' id='word_1_44' title='bbox 108 731 199 782; x_wconf 78' lang='lat' dir='ltr'><strong>Derim</strong></span> <span class='ocrx_word' id='word_1_45' title='bbox 218 738 343 798; x_wconf 89' lang='lat' dir='ltr'><strong>ereptum</strong></span> <span class='ocrx_word' id='word_1_46' title='bbox 363 745 425 780; x_wconf 89' lang='lat' dir='ltr'><strong>esso</strong></span> <span class='ocrx_word' id='word_1_47' title='bbox 438 730 521 781; x_wconf 86' lang='lat' dir='ltr'><strong>rebus</strong></span> <span class='ocrx_word' id='word_1_48' title='bbox 536 727 672 780; x_wconf 86' lang='lat' dir='ltr'><strong>humanis.</strong></span> <span class='ocrx_word' id='word_1_49' title='bbox 706 727 796 795; x_wconf 84' lang='lat' dir='ltr'><strong>Vigor</strong></span> <span class='ocrx_word' id='word_1_50' title='bbox 807 730 868 780; x_wconf 87' lang='lat' dir='ltr'><strong>eius</strong></span> <span class='ocrx_word' id='word_1_51' title='bbox 883 736 912 780; x_wconf 88' lang='lat' dir='ltr'><strong>et</strong></span> 
     </span>
     <span class='ocr_line' id='line_1_10' title="bbox 109 795 912 863; baseline -0.002 -13"><span class='ocrx_word' id='word_1_52' title='bbox 109 799 200 851; x_wconf 80' lang='lat' dir='ltr'><strong>vultus</strong></span> <span class='ocrx_word' id='word_1_53' title='bbox 212 797 356 850; x_wconf 76' lang='lat' dir='ltr'><strong>educentis</strong></span> <span class='ocrx_word' id='word_1_54' title='bbox 365 797 395 847; x_wconf 90' lang='lat' dir='ltr'><strong>in</strong></span> <span class='ocrx_word' id='word_1_55' title='bbox 408 797 544 863; x_wconf 91' lang='lat' dir='ltr'><strong>proelium</strong></span> <span class='ocrx_word' id='word_1_56' title='bbox 560 795 676 858; x_wconf 83' lang='lat' dir='ltr'><strong>milites,</strong></span> <span class='ocrx_word' id='word_1_57' title='bbox 697 796 852 847; x_wconf 87' lang='lat' dir='ltr'><strong>obsidentis</strong></span> <span class='ocrx_word' id='word_1_58' title='bbox 866 811 912 848; x_wconf 84' lang='lat' dir='ltr'><strong>ur·</strong></span> 
     </span>
     <span class='ocr_line' id='line_1_11' title="bbox 107 863 911 929; baseline -0.005 -11"><span class='ocrx_word' id='word_1_59' title='bbox 107 867 168 929; x_wconf 88' lang='lat' dir='ltr'><strong>bes,</strong></span> <span class='ocrx_word' id='word_1_60' title='bbox 189 865 332 917; x_wconf 84' lang='lat' dir='ltr'><strong>evadentis</strong></span> <span class='ocrx_word' id='word_1_61' title='bbox 345 865 375 914; x_wconf 94' lang='lat' dir='ltr'><strong>in</strong></span> <span class='ocrx_word' id='word_1_62' title='bbox 389 879 492 927; x_wconf 86' lang='lat' dir='ltr'><strong>muros,</strong></span> <span class='ocrx_word' id='word_1_63' title='bbox 512 863 601 915; x_wconf 82' lang='lat' dir='ltr'><strong>fortes</strong></span> <span class='ocrx_word' id='word_1_64' title='bbox 615 863 691 914; x_wconf 84' lang='lat' dir='ltr'><strong>viros</strong></span> <span class='ocrx_word' id='word_1_65' title='bbox 705 877 756 929; x_wconf 82' lang='lat' dir='ltr'><strong>pro</strong></span> <span class='ocrx_word' id='word_1_66' title='bbox 773 864 911 915; x_wconf 82' lang='lat' dir='ltr'><strong>concione</strong></span> 
     </span>
     <span class='ocr_line' id='line_1_12' title="bbox 109 927 910 996; baseline -0.004 -11"><span class='ocrx_word' id='word_1_67' title='bbox 109 927 251 996; x_wconf 83' lang='lat' dir='ltr'><strong>donantis,</strong></span> <span class='ocrx_word' id='word_1_68' title='bbox 268 932 452 984; x_wconf 84' lang='lat' dir='ltr'><strong>occurrebant</strong></span> <span class='ocrx_word' id='word_1_69' title='bbox 461 932 560 983; x_wconf 84' lang='lat' dir='ltr'><strong>oeulis.</strong></span> <span class='ocrx_word' id='word_1_70' title='bbox 596 931 636 982; x_wconf 92' lang='lat' dir='ltr'><strong>ll.</strong></span> <span class='ocrx_word' id='word_1_71' title='bbox 656 931 728 982; x_wconf 87' lang='lat' dir='ltr'><strong>Tum</strong></span> <span class='ocrx_word' id='word_1_72' title='bbox 737 930 910 982; x_wconf 76' lang='lat' dir='ltr'><strong>Macedones</strong></span> 
     </span>
     <span class='ocr_line' id='line_1_13' title="bbox 109 996 912 1067; baseline -0.002 -15"><span class='ocrx_word' id='word_1_73' title='bbox 109 1001 218 1052; x_wconf 88' lang='lat' dir='ltr'><strong>divinos</strong></span> <span class='ocrx_word' id='word_1_74' title='bbox 229 996 352 1052; x_wconf 85' lang='lat' dir='ltr'><strong>honores</strong></span> <span class='ocrx_word' id='word_1_75' title='bbox 362 1014 481 1067; x_wconf 86' lang='lat' dir='ltr'><strong>negasse</strong></span> <span class='ocrx_word' id='word_1_76' title='bbox 492 999 519 1050; x_wconf 91' lang='lat' dir='ltr'><strong>ei</strong></span> <span class='ocrx_word' id='word_1_77' title='bbox 528 997 703 1066; x_wconf 81' lang='lat' dir='ltr'><strong>poenitebat3</strong></span> <span class='ocrx_word' id='word_1_78' title='bbox 712 999 871 1064; x_wconf 90' lang='lat' dir='ltr'><strong>impiosque</strong></span> <span class='ocrx_word' id='word_1_79' title='bbox 882 1004 912 1050; x_wconf 83' lang='lat' dir='ltr'><strong>et</strong></span> 
     </span>
     <span class='ocr_line' id='line_1_14' title="bbox 108 1065 911 1136; baseline -0.004 -17"><span class='ocrx_word' id='word_1_80' title='bbox 108 1069 234 1136; x_wconf 83' lang='lat' dir='ltr'><strong>ingratos</strong></span> <span class='ocrx_word' id='word_1_81' title='bbox 245 1067 332 1119; x_wconf 88' lang='lat' dir='ltr'><strong>luisse</strong></span> <span class='ocrx_word' id='word_1_82' title='bbox 344 1083 373 1118; x_wconf 91' lang='lat' dir='ltr'><strong>se</strong></span> <span class='ocrx_word' id='word_1_83' title='bbox 384 1066 596 1130; x_wconf 81' lang='lat' dir='ltr'><strong>confitebantur,</strong></span> <span class='ocrx_word' id='word_1_84' title='bbox 615 1065 691 1133; x_wconf 83' lang='lat' dir='ltr'><strong>quod</strong></span> <span class='ocrx_word' id='word_1_85' title='bbox 701 1080 783 1117; x_wconf 87' lang='lat' dir='ltr'><strong>aures</strong></span> <span class='ocrx_word' id='word_1_86' title='bbox 791 1065 852 1116; x_wconf 90' lang='lat' dir='ltr'><strong>eius</strong></span> <span class='ocrx_word' id='word_1_87' title='bbox 863 1065 911 1116; x_wconf 89' lang='lat' dir='ltr'><strong>de·</strong></span> 
     </span>
     <span class='ocr_line' id='line_1_15' title="bbox 108 1133 911 1202; baseline -0.005 -14"><span class='ocrx_word' id='word_1_88' title='bbox 108 1135 167 1188; x_wconf 89' lang='lat' dir='ltr'><strong>bita</strong></span> <span class='ocrx_word' id='word_1_89' title='bbox 177 1135 364 1202; x_wconf 85' lang='lat' dir='ltr'><strong>appellatione</strong></span> <span class='ocrx_word' id='word_1_90' title='bbox 374 1133 559 1185; x_wconf 82' lang='lat' dir='ltr'><strong>fraudassent.</strong></span> <span class='ocrx_word' id='word_1_91' title='bbox 594 1133 631 1184; x_wconf 84' lang='lat' dir='ltr'><strong>Et</strong></span> <span class='ocrx_word' id='word_1_92' title='bbox 640 1148 722 1201; x_wconf 88' lang='lat' dir='ltr'><strong>quum</strong></span> <span class='ocrx_word' id='word_1_93' title='bbox 734 1133 782 1185; x_wconf 89' lang='lat' dir='ltr'><strong>diu</strong></span> <span class='ocrx_word' id='word_1_94' title='bbox 793 1147 866 1184; x_wconf 86' lang='lat' dir='ltr'><strong>nunc</strong></span> <span class='ocrx_word' id='word_1_95' title='bbox 879 1135 911 1184; x_wconf 87' lang='lat' dir='ltr'><strong>in</strong></span> 
     </span>
     <span class='ocr_line' id='line_1_16' title="bbox 108 1198 912 1266; baseline -0.002 -12"><span class='ocrx_word' id='word_1_96' title='bbox 108 1203 298 1266; x_wconf 84' lang='lat' dir='ltr'><strong>veneratione,</strong></span> <span class='ocrx_word' id='word_1_97' title='bbox 317 1203 430 1252; x_wconf 84' lang='lat' dir='ltr'><strong>nuncin</strong></span> <span class='ocrx_word' id='word_1_98' title='bbox 446 1201 588 1253; x_wconf 91' lang='lat' dir='ltr'><strong>desiderio</strong></span> <span class='ocrx_word' id='word_1_99' title='bbox 603 1201 679 1252; x_wconf 69' lang='lat' dir='ltr'><strong>nevis</strong></span> <span class='ocrx_word' id='word_1_100' title='bbox 693 1198 860 1262; x_wconf 84' lang='lat' dir='ltr'><strong>haesissent,</strong></span> <span class='ocrx_word' id='word_1_101' title='bbox 881 1200 912 1252; x_wconf 90' lang='lat' dir='ltr'><strong>iu</strong></span> 
     </span>
     <span class='ocr_line' id='line_1_17' title="bbox 108 1240 912 1335; baseline -0.001 -16"><span class='ocrx_word' id='word_1_102' title='bbox 108 1269 184 1335; x_wconf 87' lang='lat' dir='ltr'><strong>ipsos</strong></span> <span class='ocrx_word' id='word_1_103' title='bbox 203 1283 285 1318; x_wconf 86' lang='lat' dir='ltr'><strong>versa</strong></span> <span class='ocrx_word' id='word_1_104' title='bbox 302 1267 447 1318; x_wconf 85' lang='lat' dir='ltr'><strong>miseratio</strong></span> <span class='ocrx_word' id='word_1_105' title='bbox 467 1273 518 1320; x_wconf 88' lang='lat' dir='ltr'><strong>est.</strong></span> <span class='ocrx_word' id='word_1_106' title='bbox 553 1269 595 1319; x_wconf 80' lang='grc'><strong>12.</strong></span> <span class='ocrx_word' id='word_1_107' title='bbox 612 1240 912 1335; x_wconf 69' lang='lat' dir='ltr'><strong>ltfacedonlaprofecti</strong></span> 
     </span>
     <span class='ocr_line' id='line_1_18' title="bbox 108 1332 912 1402; baseline -0.001 -15"><span class='ocrx_word' id='word_1_108' title='bbox 108 1332 398 1401; x_wconf 84' lang='lat' dir='ltr'><strong>ultraEuphratem,in</strong></span> <span class='ocrx_word' id='word_1_109' title='bbox 406 1334 505 1386; x_wconf 88' lang='lat' dir='ltr'><strong>mediis</strong></span> <span class='ocrx_word' id='word_1_110' title='bbox 515 1333 643 1386; x_wconf 88' lang='lat' dir='ltr'><strong>hostibus</strong></span> <span class='ocrx_word' id='word_1_111' title='bbox 653 1351 753 1386; x_wconf 83' lang='lat' dir='ltr'><strong>novum</strong></span> <span class='ocrx_word' id='word_1_112' title='bbox 762 1336 912 1402; x_wconf 84' lang='lat' dir='ltr'><strong>imperium</strong></span> 
     </span>
     <span class='ocr_line' id='line_1_19' title="bbox 108 1401 909 1467; baseline 0.001 -15"><span class='ocrx_word' id='word_1_113' title='bbox 108 1401 346 1467; x_wconf 83' lang='lat' dir='ltr'><strong>adspernantibus,</strong></span> <span class='ocrx_word' id='word_1_114' title='bbox 367 1401 517 1454; x_wconf 89' lang='lat' dir='ltr'><strong>destitutos</strong></span> <span class='ocrx_word' id='word_1_115' title='bbox 536 1417 566 1452; x_wconf 92' lang='lat' dir='ltr'><strong>se</strong></span> <span class='ocrx_word' id='word_1_116' title='bbox 586 1417 649 1454; x_wconf 88' lang='lat' dir='ltr'><strong>esse</strong></span> <span class='ocrx_word' id='word_1_117' title='bbox 664 1401 827 1465; x_wconf 86' lang='lat' dir='ltr'><strong>cernebant3</strong></span> <span class='ocrx_word' id='word_1_118' title='bbox 849 1404 909 1453; x_wconf 90' lang='lat' dir='ltr'><strong>sine</strong></span> 
     </span>
     <span class='ocr_line' id='line_1_20' title="bbox 109 1468 911 1538; baseline 0.001 -18"><span class='ocrx_word' id='word_1_119' title='bbox 109 1476 185 1520; x_wconf 88' lang='lat' dir='ltr'><strong>certo</strong></span> <span class='ocrx_word' id='word_1_120' title='bbox 196 1469 272 1536; x_wconf 88' lang='lat' dir='ltr'><strong>regis</strong></span> <span class='ocrx_word' id='word_1_121' title='bbox 283 1468 396 1532; x_wconf 83' lang='lat' dir='ltr'><strong>herede,</strong></span> <span class='ocrx_word' id='word_1_122' title='bbox 408 1469 467 1521; x_wconf 90' lang='lat' dir='ltr'><strong>sine</strong></span> <span class='ocrx_word' id='word_1_123' title='bbox 478 1468 582 1520; x_wconf 87' lang='lat' dir='ltr'><strong>herede</strong></span> <span class='ocrx_word' id='word_1_124' title='bbox 592 1471 686 1538; x_wconf 87' lang='lat' dir='ltr'><strong>regni,</strong></span> <span class='ocrx_word' id='word_1_125' title='bbox 697 1470 824 1536; x_wconf 89' lang='lat' dir='ltr'><strong>publicas</strong></span> <span class='ocrx_word' id='word_1_126' title='bbox 835 1472 911 1521; x_wconf 87' lang='lat' dir='ltr'><strong>vires</strong></span> 
     </span>
     <span class='ocr_line' id='line_1_21' title="bbox 109 1537 910 1606; baseline -0.005 -14"><span class='ocrx_word' id='word_1_127' title='bbox 109 1537 144 1592; x_wconf 80' lang='lat' dir='ltr'><strong>ad</strong></span> <span class='ocrx_word' id='word_1_128' title='bbox 155 1552 185 1588; x_wconf 90' lang='lat' dir='ltr'><strong>se</strong></span> <span class='ocrx_word' id='word_1_129' title='bbox 196 1552 332 1606; x_wconf 84' lang='lat' dir='ltr'><strong>quemque</strong></span> <span class='ocrx_word' id='word_1_130' title='bbox 341 1543 502 1590; x_wconf 86' lang='lat' dir='ltr'><strong>tracturum.</strong></span> <span class='ocrx_word' id='word_1_131' title='bbox 539 1538 579 1588; x_wconf 84' lang='grc'><strong>13.</strong></span> <span class='ocrx_word' id='word_1_132' title='bbox 598 1537 679 1589; x_wconf 87' lang='lat' dir='ltr'><strong>Bella</strong></span> <span class='ocrx_word' id='word_1_133' title='bbox 693 1538 794 1589; x_wconf 87' lang='lat' dir='ltr'><strong>deinde</strong></span> <span class='ocrx_word' id='word_1_134' title='bbox 805 1537 910 1600; x_wconf 85' lang='lat' dir='ltr'><strong>civilia,</strong></span> 
     </span>
     <span class='ocr_line' id='line_1_22' title="bbox 109 1604 911 1673; baseline 0 -17"><span class='ocrx_word' id='word_1_135' title='bbox 109 1619 179 1672; x_wconf 85' lang='lat' dir='ltr'><strong>quae</strong></span> <span class='ocrx_word' id='word_1_136' title='bbox 198 1611 295 1656; x_wconf 87' lang='lat' dir='ltr'><strong>secuta</strong></span> <span class='ocrx_word' id='word_1_137' title='bbox 313 1612 385 1668; x_wconf 88' lang='lat' dir='ltr'><strong>sant,</strong></span> <span class='ocrx_word' id='word_1_138' title='bbox 404 1604 542 1656; x_wconf 90' lang='lat' dir='ltr'><strong>mentibus</strong></span> <span class='ocrx_word' id='word_1_139' title='bbox 561 1605 778 1673; x_wconf 83' lang='lat' dir='ltr'><strong>augurabantur:</strong></span> <span class='ocrx_word' id='word_1_140' title='bbox 797 1605 911 1668; x_wconf 86' lang='lat' dir='ltr'><strong>iterum,</strong></span> 
     </span>
     <span class='ocr_line' id='line_1_23' title="bbox 109 1671 912 1742; baseline 0.002 -20"><span class='ocrx_word' id='word_1_141' title='bbox 109 1673 206 1723; x_wconf 86' lang='lat' dir='ltr'><strong>nonde</strong></span> <span class='ocrx_word' id='word_1_142' title='bbox 216 1687 305 1740; x_wconf 90' lang='lat' dir='ltr'><strong>regno</strong></span> <span class='ocrx_word' id='word_1_143' title='bbox 314 1671 410 1736; x_wconf 82' lang='lat' dir='ltr'><strong>Asiae,</strong></span> <span class='ocrx_word' id='word_1_144' title='bbox 422 1673 472 1724; x_wconf 90' lang='lat' dir='ltr'><strong>sed</strong></span> <span class='ocrx_word' id='word_1_145' title='bbox 484 1673 518 1723; x_wconf 90' lang='lat' dir='ltr'><strong>de</strong></span> <span class='ocrx_word' id='word_1_146' title='bbox 527 1687 604 1740; x_wconf 90' lang='lat' dir='ltr'><strong>rege,</strong></span> <span class='ocrx_word' id='word_1_147' title='bbox 615 1673 683 1739; x_wconf 89' lang='lat' dir='ltr'><strong>ipsis</strong></span> <span class='ocrx_word' id='word_1_148' title='bbox 694 1674 855 1742; x_wconf 89' lang='lat' dir='ltr'><strong>sanguinem</strong></span> <span class='ocrx_word' id='word_1_149' title='bbox 868 1687 912 1724; x_wconf 89' lang='lat' dir='ltr'><strong>es-</strong></span> 
     </span>
     <span class='ocr_line' id='line_1_24' title="bbox 109 1740 911 1807; baseline 0.002 -17"><span class='ocrx_word' id='word_1_150' title='bbox 109 1755 138 1790; x_wconf 91' lang='lat' dir='ltr'><strong>se</strong></span> <span class='ocrx_word' id='word_1_151' title='bbox 149 1740 332 1802; x_wconf 84' lang='lat' dir='ltr'><strong>lundendum3</strong></span> <span class='ocrx_word' id='word_1_152' title='bbox 352 1741 432 1792; x_wconf 79' lang='lat' dir='ltr'><strong>novis</strong></span> <span class='ocrx_word' id='word_1_153' title='bbox 445 1740 605 1791; x_wconf 79' lang='lat' dir='ltr'><strong>vulneribus</strong></span> <span class='ocrx_word' id='word_1_154' title='bbox 621 1745 731 1792; x_wconf 85' lang='lat' dir='ltr'><strong>veteres</strong></span> <span class='ocrx_word' id='word_1_155' title='bbox 743 1741 911 1807; x_wconf 77' lang='lat' dir='ltr'><strong>rumpendas</strong></span> 
     </span>
     <span class='ocr_line' id='line_1_25' title="bbox 109 1807 914 1874; baseline 0.001 -17"><span class='ocrx_word' id='word_1_156' title='bbox 109 1808 266 1872; x_wconf 82' lang='lat' dir='ltr'><strong>cicatrices3</strong></span> <span class='ocrx_word' id='word_1_157' title='bbox 287 1809 326 1858; x_wconf 85' lang='lat'><strong>14.</strong></span> <span class='ocrx_word' id='word_1_158' title='bbox 338 1823 420 1858; x_wconf 89' lang='lat' dir='ltr'><strong>senes</strong></span> <span class='ocrx_word' id='word_1_159' title='bbox 431 1807 547 1870; x_wconf 86' lang='lat' dir='ltr'><strong>debiles,</strong></span> <span class='ocrx_word' id='word_1_160' title='bbox 557 1807 642 1859; x_wconf 80' lang='lat' dir='ltr'><strong>niodo</strong></span> <span class='ocrx_word' id='word_1_161' title='bbox 651 1809 741 1874; x_wconf 89' lang='lat' dir='ltr'><strong>petita</strong></span> <span class='ocrx_word' id='word_1_162' title='bbox 749 1807 884 1859; x_wconf 83' lang='lat' dir='ltr'><strong>missione</strong></span> <span class='ocrx_word' id='word_1_163' title='bbox 895 1823 914 1858; x_wconf 87' lang='lat' dir='ltr'><strong>a</strong></span> 
     </span>
    </p>
   </div>
   <div class='ocr_carea' id='block_1_3' title="bbox 108 1875 1028 1942">
    <p class='ocr_par' dir='ltr' id='par_1_3' title="bbox 108 1875 1028 1942">
     <span class='ocr_line' id='line_1_26' title="bbox 108 1875 1028 1942; baseline -0.003 -17"><span class='ocrx_word' id='word_1_164' title='bbox 108 1878 183 1926; x_wconf 90' lang='lat' dir='ltr'><strong>iusto</strong></span> <span class='ocrx_word' id='word_1_165' title='bbox 193 1890 271 1942; x_wconf 85' lang='lat' dir='ltr'><strong>rege,</strong></span> <span class='ocrx_word' id='word_1_166' title='bbox 291 1891 362 1926; x_wconf 89' lang='lat' dir='ltr'><strong>nuno</strong></span> <span class='ocrx_word' id='word_1_167' title='bbox 373 1875 523 1926; x_wconf 86' lang='lat' dir='ltr'><strong>morituros</strong></span> <span class='ocrx_word' id='word_1_168' title='bbox 538 1890 588 1942; x_wconf 91' lang='lat' dir='ltr'><strong>pro</strong></span> <span class='ocrx_word' id='word_1_169' title='bbox 619 1876 726 1926; x_wconf 88' lang='lat' dir='ltr'><strong>otentia</strong></span> <span class='ocrx_word' id='word_1_170' title='bbox 736 1875 854 1926; x_wconf 83' lang='lat' dir='ltr'><strong>forsitan</strong></span> <span class='ocrx_word' id='word_1_171' title='bbox 866 1891 913 1926; x_wconf 89' lang='lat' dir='ltr'><strong>sa·</strong></span> <span class='ocrx_word' id='word_1_172' title='bbox 965 1915 968 1922; x_wconf 91' lang='lat'><em>.</em></span> <span class='ocrx_word' id='word_1_173' title='bbox 1027 1915 1028 1922; x_wconf 73' lang='grc'>,</span> 
     </span>
    </p>
   </div>
   <div class='ocr_carea' id='block_1_4' title="bbox 94 1941 914 2821">
    <p class='ocr_par' dir='ltr' id='par_1_4' title="bbox 94 1941 914 2821">
     <span class='ocr_line' id='line_1_27' title="bbox 108 1941 912 2011; baseline 0.002 -19"><span class='ocrx_word' id='word_1_174' title='bbox 108 1942 207 1993; x_wconf 89' lang='lat' dir='ltr'><strong>tellitis</strong></span> <span class='ocrx_word' id='word_1_175' title='bbox 217 1943 334 1994; x_wconf 86' lang='lat' dir='ltr'><strong>alicuius</strong></span> <span class='ocrx_word' id='word_1_176' title='bbox 343 1941 486 2009; x_wconf 89' lang='lat' dir='ltr'><strong>ignobilis.</strong></span> <span class='ocrx_word' id='word_1_177' title='bbox 524 1942 563 1993; x_wconf 82' lang='lat'><strong>15.</strong></span> <span class='ocrx_word' id='word_1_178' title='bbox 611 1942 912 2011; x_wconf 86' lang='lat' dir='ltr'><strong>ascogitationesvol-</strong></span> 
     </span>
     <span class='ocr_line' id='line_1_28' title="bbox 109 2008 913 2076; baseline 0.007 -20"><span class='ocrx_word' id='word_1_179' title='bbox 109 2010 236 2062; x_wconf 90' lang='lat' dir='ltr'><strong>ventibus</strong></span> <span class='ocrx_word' id='word_1_180' title='bbox 246 2023 303 2060; x_wconf 86' lang='lat' dir='ltr'><strong>nox</strong></span> <span class='ocrx_word' id='word_1_181' title='bbox 313 2011 481 2076; x_wconf 84' lang='lat' dir='ltr'><strong>supervenit,</strong></span> <span class='ocrx_word' id='word_1_182' title='bbox 492 2017 683 2076; x_wconf 85' lang='lat' dir='ltr'><strong>terroremque</strong></span> <span class='ocrx_word' id='word_1_183' title='bbox 695 2012 781 2062; x_wconf 86' lang='lat' dir='ltr'><strong>auxit.</strong></span> <span class='ocrx_word' id='word_1_184' title='bbox 801 2008 913 2062; x_wconf 89' lang='lat' dir='ltr'><strong>Milites</strong></span> 
     </span>
     <span class='ocr_line' id='line_1_29' title="bbox 109 2071 912 2145; baseline 0.005 -20"><span class='ocrx_word' id='word_1_185' title='bbox 109 2079 137 2127; x_wconf 90' lang='lat' dir='ltr'><strong>in</strong></span> <span class='ocrx_word' id='word_1_186' title='bbox 148 2079 232 2128; x_wconf 85' lang='lat' dir='ltr'><strong>armis</strong></span> <span class='ocrx_word' id='word_1_187' title='bbox 242 2071 410 2145; x_wconf 78' lang='lat' dir='ltr'><strong>vigilabant:</strong></span> <span class='ocrx_word' id='word_1_188' title='bbox 430 2077 581 2145; x_wconf 88' lang='lat' dir='ltr'><strong>Babylonii</strong></span> <span class='ocrx_word' id='word_1_189' title='bbox 592 2077 663 2128; x_wconf 88' lang='lat' dir='ltr'><strong>alius</strong></span> <span class='ocrx_word' id='word_1_190' title='bbox 673 2092 689 2128; x_wconf 88' lang='lat' dir='ltr'><strong>e</strong></span> <span class='ocrx_word' id='word_1_191' title='bbox 699 2079 798 2141; x_wconf 91' lang='lat' dir='ltr'><strong>muris,</strong></span> <span class='ocrx_word' id='word_1_192' title='bbox 811 2077 884 2130; x_wconf 87' lang='lat' dir='ltr'><strong>alius</strong></span> <span class='ocrx_word' id='word_1_193' title='bbox 895 2093 912 2129; x_wconf 86' lang='lat' dir='ltr'><strong>e</strong></span> 
     </span>
     <span class='ocr_line' id='line_1_30' title="bbox 110 2144 912 2213; baseline 0.001 -19"><span class='ocrx_word' id='word_1_194' title='bbox 110 2144 228 2196; x_wconf 87' lang='lat' dir='ltr'><strong>eulmine</strong></span> <span class='ocrx_word' id='word_1_195' title='bbox 239 2145 283 2196; x_wconf 85' lang='lat' dir='ltr'><strong>sai</strong></span> <span class='ocrx_word' id='word_1_196' title='bbox 294 2145 410 2212; x_wconf 87' lang='lat' dir='ltr'><strong>quisque</strong></span> <span class='ocrx_word' id='word_1_197' title='bbox 424 2145 493 2197; x_wconf 87' lang='lat' dir='ltr'><strong>tecti</strong></span> <span class='ocrx_word' id='word_1_198' title='bbox 506 2145 734 2212; x_wconf 88' lang='lat' dir='ltr'><strong>prospectabant,</strong></span> <span class='ocrx_word' id='word_1_199' title='bbox 755 2146 836 2213; x_wconf 87' lang='lat' dir='ltr'><strong>quasi</strong></span> <span class='ocrx_word' id='word_1_200' title='bbox 851 2159 912 2197; x_wconf 91' lang='lat' dir='ltr'><strong>cer-</strong></span> 
     </span>
     <span class='ocr_line' id='line_1_31' title="bbox 109 2211 912 2280; baseline 0.005 -20"><span class='ocrx_word' id='word_1_201' title='bbox 109 2211 183 2262; x_wconf 89' lang='lat' dir='ltr'><strong>tiora</strong></span> <span class='ocrx_word' id='word_1_202' title='bbox 192 2213 287 2264; x_wconf 79' lang='lat' dir='ltr'><strong>visuri</strong></span> <span class='ocrx_word' id='word_1_203' title='bbox 323 2212 364 2264; x_wconf 85' lang='lat' dir='ltr'><strong>ld.</strong></span> <span class='ocrx_word' id='word_1_204' title='bbox 382 2211 442 2264; x_wconf 87' lang='lat' dir='ltr'><strong>Neo</strong></span> <span class='ocrx_word' id='word_1_205' title='bbox 457 2214 601 2280; x_wconf 85' lang='lat' dir='ltr'><strong>quisquam</strong></span> <span class='ocrx_word' id='word_1_206' title='bbox 615 2213 719 2264; x_wconf 87' lang='lat' dir='ltr'><strong>lamina</strong></span> <span class='ocrx_word' id='word_1_207' title='bbox 731 2211 855 2264; x_wconf 89' lang='lat' dir='ltr'><strong>audebat</strong></span> <span class='ocrx_word' id='word_1_208' title='bbox 867 2228 912 2264; x_wconf 86' lang='lat' dir='ltr'><strong>ac-</strong></span> 
     </span>
     <span class='ocr_line' id='line_1_32' title="bbox 109 2279 911 2347; baseline 0.005 -19"><span class='ocrx_word' id='word_1_209' title='bbox 109 2279 237 2330; x_wconf 85' lang='lat' dir='ltr'><strong>cendere.</strong></span> <span class='ocrx_word' id='word_1_210' title='bbox 261 2279 309 2330; x_wconf 76' lang='lat' dir='ltr'><strong>&#39;Et</strong></span> <span class='ocrx_word' id='word_1_211' title='bbox 318 2279 383 2347; x_wconf 90' lang='lat' dir='ltr'><strong>qula</strong></span> <span class='ocrx_word' id='word_1_212' title='bbox 394 2279 536 2331; x_wconf 87' lang='lat' dir='ltr'><strong>oculorum</strong></span> <span class='ocrx_word' id='word_1_213' title='bbox 547 2280 677 2332; x_wconf 89' lang='lat' dir='ltr'><strong>cessabat</strong></span> <span class='ocrx_word' id='word_1_214' title='bbox 684 2296 760 2343; x_wconf 88' lang='lat' dir='ltr'><strong>usus,</strong></span> <span class='ocrx_word' id='word_1_215' title='bbox 780 2279 911 2332; x_wconf 75' lang='lat' dir='ltr'><strong>fremitus</strong></span> 
     </span>
     <span class='ocr_line' id='line_1_33' title="bbox 109 2347 912 2465; baseline 0.004 -70"><span class='ocrx_word' id='word_1_216' title='bbox 109 2359 248 2412; x_wconf 82' lang='lat' dir='ltr'><strong>vocesque</strong></span> <span class='ocrx_word' id='word_1_217' title='bbox 259 2348 371 2399; x_wconf 88' lang='lat' dir='ltr'><strong>auribus</strong></span> <span class='ocrx_word' id='word_1_218' title='bbox 382 2347 542 2416; x_wconf 82' lang='lat' dir='ltr'><strong>captabant=</strong></span> <span class='ocrx_word' id='word_1_219' title='bbox 556 2363 588 2402; x_wconf 90' lang='lat' dir='ltr'><strong>ac</strong></span> <span class='ocrx_word' id='word_1_220' title='bbox 599 2347 760 2465; x_wconf 67' lang='lat' dir='ltr'><strong>pleromqlue</strong></span> <span class='ocrx_word' id='word_1_221' title='bbox 770 2362 843 2399; x_wconf 86' lang='lat' dir='ltr'><strong>vano</strong></span> <span class='ocrx_word' id='word_1_222' title='bbox 853 2363 912 2398; x_wconf 89' lang='lat' dir='ltr'><strong>me-</strong></span> 
     </span>
     <span class='ocr_line' id='line_1_34' title="bbox 109 2414 911 2480; baseline 0.005 -18"><span class='ocrx_word' id='word_1_223' title='bbox 109 2419 139 2462; x_wconf 91' lang='lat' dir='ltr'><strong>tu</strong></span> <span class='ocrx_word' id='word_1_224' title='bbox 153 2414 245 2464; x_wconf 85' lang='lat' dir='ltr'><strong>territi</strong></span> <span class='ocrx_word' id='word_1_225' title='bbox 259 2429 309 2480; x_wconf 88' lang='lat' dir='ltr'><strong>per</strong></span> <span class='ocrx_word' id='word_1_226' title='bbox 322 2414 455 2466; x_wconf 87' lang='lat' dir='ltr'><strong>obscuras</strong></span> <span class='ocrx_word' id='word_1_227' title='bbox 470 2416 596 2479; x_wconf 88' lang='lat' dir='ltr'><strong>semitas,</strong></span> <span class='ocrx_word' id='word_1_228' title='bbox 617 2415 688 2467; x_wconf 90' lang='lat' dir='ltr'><strong>alius</strong></span> <span class='ocrx_word' id='word_1_229' title='bbox 699 2430 715 2465; x_wconf 88' lang='lat' dir='ltr'><strong>a</strong></span> <span class='ocrx_word' id='word_1_230' title='bbox 726 2417 747 2466; x_wconf 91' lang='lat' dir='ltr'><strong>ii</strong></span> <span class='ocrx_word' id='word_1_231' title='bbox 759 2429 911 2467; x_wconf 87' lang='lat' dir='ltr'><strong>occursan-</strong></span> 
     </span>
     <span class='ocr_line' id='line_1_35' title="bbox 109 2481 911 2548; baseline 0.002 -18"><span class='ocrx_word' id='word_1_232' title='bbox 109 2487 160 2544; x_wconf 88' lang='lat' dir='ltr'><strong>tes,</strong></span> <span class='ocrx_word' id='word_1_233' title='bbox 170 2481 289 2532; x_wconf 87' lang='lat' dir='ltr'><strong>invicem</strong></span> <span class='ocrx_word' id='word_1_234' title='bbox 299 2483 421 2548; x_wconf 87' lang='lat' dir='ltr'><strong>suspecti</strong></span> <span class='ocrx_word' id='word_1_235' title='bbox 434 2487 462 2534; x_wconf 94' lang='lat' dir='ltr'><strong>et</strong></span> <span class='ocrx_word' id='word_1_236' title='bbox 471 2482 585 2534; x_wconf 88' lang='lat' dir='ltr'><strong>solliciti</strong></span> <span class='ocrx_word' id='word_1_237' title='bbox 593 2483 763 2534; x_wconf 83' lang='lat' dir='ltr'><strong>ferebantur.</strong></span> <span class='ocrx_word' id='word_1_238' title='bbox 788 2484 828 2534; x_wconf 87' lang='lat' dir='ltr'><strong>l&#39;l.</strong></span> <span class='ocrx_word' id='word_1_239' title='bbox 841 2481 911 2534; x_wconf 85' lang='lat' dir='ltr'><strong>Per-</strong></span> 
     </span>
     <span class='ocr_line' id='line_1_36' title="bbox 108 2549 909 2618; baseline 0.007 -22"><span class='ocrx_word' id='word_1_240' title='bbox 108 2562 164 2611; x_wconf 86' lang='lat' dir='ltr'><strong>sae,</strong></span> <span class='ocrx_word' id='word_1_241' title='bbox 185 2549 272 2600; x_wconf 88' lang='lat' dir='ltr'><strong>comis</strong></span> <span class='ocrx_word' id='word_1_242' title='bbox 283 2564 333 2600; x_wconf 88' lang='lat' dir='ltr'><strong>suo</strong></span> <span class='ocrx_word' id='word_1_243' title='bbox 343 2565 422 2601; x_wconf 84' lang='lat' dir='ltr'><strong>more</strong></span> <span class='ocrx_word' id='word_1_244' title='bbox 432 2550 567 2613; x_wconf 86' lang='lat' dir='ltr'><strong>detonsis,</strong></span> <span class='ocrx_word' id='word_1_245' title='bbox 581 2552 609 2601; x_wconf 92' lang='lat' dir='ltr'><strong>in</strong></span> <span class='ocrx_word' id='word_1_246' title='bbox 619 2551 731 2618; x_wconf 87' lang='lat' dir='ltr'><strong>lugubri</strong></span> <span class='ocrx_word' id='word_1_247' title='bbox 739 2556 829 2614; x_wconf 84' lang='lat' dir='ltr'><strong>veste,</strong></span> <span class='ocrx_word' id='word_1_248' title='bbox 844 2565 909 2602; x_wconf 90' lang='lat' dir='ltr'><strong>cum</strong></span> 
     </span>
     <span class='ocr_line' id='line_1_37' title="bbox 94 2614 911 2682; baseline 0.007 -20"><span class='ocrx_word' id='word_1_249' title='bbox 94 2614 273 2682; x_wconf 52' lang='lat' dir='ltr'><strong>,coniugibus</strong></span> <span class='ocrx_word' id='word_1_250' title='bbox 287 2631 320 2667; x_wconf 92' lang='lat' dir='ltr'><strong>ac</strong></span> <span class='ocrx_word' id='word_1_251' title='bbox 335 2616 442 2682; x_wconf 87' lang='lat' dir='ltr'><strong>liberis,</strong></span> <span class='ocrx_word' id='word_1_252' title='bbox 459 2633 514 2669; x_wconf 92' lang='lat' dir='ltr'><strong>non</strong></span> <span class='ocrx_word' id='word_1_253' title='bbox 530 2626 562 2669; x_wconf 92' lang='lat' dir='ltr'><strong>ut</strong></span> <span class='ocrx_word' id='word_1_254' title='bbox 574 2619 709 2670; x_wconf 80' lang='lat' dir='ltr'><strong>victorem</strong></span> <span class='ocrx_word' id='word_1_255' title='bbox 724 2625 753 2668; x_wconf 91' lang='lat' dir='ltr'><strong>et</strong></span> <span class='ocrx_word' id='word_1_256' title='bbox 761 2617 847 2668; x_wconf 90' lang='lat' dir='ltr'><strong>modo</strong></span> <span class='ocrx_word' id='word_1_257' title='bbox 858 2616 911 2668; x_wconf 90' lang='lat' dir='ltr'><strong>ho·</strong></span> 
     </span>
     <span class='ocr_line' id='line_1_38' title="bbox 108 2685 913 2753; baseline 0.011 -25"><span class='ocrx_word' id='word_1_258' title='bbox 108 2685 187 2740; x_wconf 89' lang='lat' dir='ltr'><strong>stem,</strong></span> <span class='ocrx_word' id='word_1_259' title='bbox 207 2685 257 2733; x_wconf 88' lang='lat' dir='ltr'><strong>sed</strong></span> <span class='ocrx_word' id='word_1_260' title='bbox 267 2690 297 2734; x_wconf 95' lang='lat' dir='ltr'><strong>ut</strong></span> <span class='ocrx_word' id='word_1_261' title='bbox 307 2687 399 2752; x_wconf 88' lang='lat' dir='ltr'><strong>gentis</strong></span> <span class='ocrx_word' id='word_1_262' title='bbox 411 2701 476 2735; x_wconf 89' lang='lat' dir='ltr'><strong>suae</strong></span> <span class='ocrx_word' id='word_1_263' title='bbox 486 2685 667 2737; x_wconf 87' lang='lat' dir='ltr'><strong>iustissimum</strong></span> <span class='ocrx_word' id='word_1_264' title='bbox 676 2699 772 2753; x_wconf 86' lang='lat' dir='ltr'><strong>regem</strong></span> <span class='ocrx_word' id='word_1_265' title='bbox 782 2700 850 2737; x_wconf 91' lang='lat' dir='ltr'><strong>vero</strong></span> <span class='ocrx_word' id='word_1_266' title='bbox 863 2686 913 2737; x_wconf 85' lang='lat' dir='ltr'><strong>de-</strong></span> 
     </span>
     <span class='ocr_line' id='line_1_39' title="bbox 108 2745 914 2821; baseline 0.01 -25"><span class='ocrx_word' id='word_1_267' title='bbox 108 2745 212 2797; x_wconf 90' lang='lat' dir='ltr'><strong>siderio</strong></span> <span class='ocrx_word' id='word_1_268' title='bbox 223 2749 364 2817; x_wconf 88' lang='lat' dir='ltr'><strong>lugebant.</strong></span> <span class='ocrx_word' id='word_1_269' title='bbox 379 2754 487 2802; x_wconf 84' lang='lat' dir='ltr'><strong>Assueti</strong></span> <span class='ocrx_word' id='word_1_270' title='bbox 499 2753 550 2804; x_wconf 89' lang='lat' dir='ltr'><strong>sub</strong></span> <span class='ocrx_word' id='word_1_271' title='bbox 560 2768 627 2821; x_wconf 86' lang='lat' dir='ltr'><strong>rege</strong></span> <span class='ocrx_word' id='word_1_272' title='bbox 636 2754 801 2816; x_wconf 71' lang='lat' dir='ltr'><strong>viveremcn</strong></span> <span class='ocrx_word' id='word_1_273' title='bbox 813 2753 914 2817; x_wconf 88' lang='lat' dir='ltr'><strong>aliurn,</strong></span> 
     </span>
    </p>
   </div>
   <div class='ocr_carea' id='block_1_5' title="bbox 0 0 1054 3040">
    <p class='ocr_par' dir='ltr' id='par_1_5' title="bbox 0 0 1054 3040">
     <span class='ocr_line' id='line_1_40' title="bbox 0 0 1054 3040; baseline 0 0"><span class='ocrx_word' id='word_1_274' title='bbox 0 0 1054 3040; x_wconf 95' lang='lat' dir='ltr'><strong> </strong></span> 
     </span>
    </p>
   </div>
  </div>
 </body>
</html>
