2054 3030
277 247 279 252 ι
322 218 472 270 LIBER
497 219 543 270 111.
574 219 667 271 csP.
696 218 721 271 6.
890 222 939 271 llt

135 321 290 389 potuisset:
302 321 331 372 id
340 322 438 388 ipsum,
454 320 528 388 quod
540 328 605 388 post
615 320 687 371 diem
697 325 809 374 tertium
819 323 940 375 mediea-

136 395 261 441 mentum
270 395 408 440 sumturus
418 394 494 440 esset
509 389 562 450 (ita
578 389 652 438 enim
660 389 783 440 medicus
794 390 939 456 praedixe-

135 460 194 520 rat)
216 470 298 522 aegre
314 455 417 506 ferens.
452 457 477 506 l.
496 455 572 508 Inter
586 453 655 505 haec
669 470 686 505 a
698 455 889 520 Parmenione,
910 458 939 508 li·

138 523 255 576 dissime
266 529 491 590 purpuratorum,
506 522 603 574 literas
614 523 728 587 accipit,
744 524 841 589 quibus
856 527 882 576 ei
893 524 940 575 de·

136 590 291 653 nuntiabat,
310 605 345 641 ne
365 589 483 641 salutem
503 606 579 641 suam
595 588 725 657 Philippo
746 593 939 644 committeret.

136 658 218 709 Mille
228 656 341 709 talentis
352 657 480 718 sallario,
500 664 529 707 et
539 673 588 722 spe
599 658 755 723 nuptiarum
765 658 870 708 sororis
881 661 940 710 eius

138 741 202 790 esse
212 731 381 791 corruptum.
405 724 443 773 “5.
461 724 605 790 Ingentem
620 725 712 774 animo
724 722 940 778 sollicitudinem

136 793 238 844 literae
247 794 438 854 incusserant3
455 796 484 840 et
497 789 631 857 quidquid
641 791 670 840 in
681 796 825 857 utramque
835 799 939 857 partem

138 866 187 912 aut
201 865 292 914 metus
303 864 374 909 auts
396 873 426 908 es
437 857 608 920 subiecerat,
628 863 738 909 secreto
748 857 941 911 aestimatione

134 928 281 994 pensabat.
304 925 328 976 6.
340 874 439 976 esim
443 925 625 992 perseverem?
635 933 672 986 ot,
682 924 707 975 ei
715 941 841 976 venenum
851 927 942 978 dotum

133 993 233 1056 fuerit,
249 1009 282 1043 ne
291 990 425 1042 immerito
436 990 548 1070 quiderm,
559 991 689 1072 quidquid
696 991 833 1054 eamdent,
844 993 941 1045 mertis·

50 1119 54 1126 ,
135 1078 166 1112 ee
176 1059 317 1110 uideamur?
328 1056 461 1110 Damnem
470 1059 704 1127 medresfidemlio
717 1059 890 1112 tabernaculo
901 1079 941 1112 er-

133 1144 177 1196 go
192 1143 233 1177 me
249 1124 365 1192 opprimi
371 1125 481 1193 patior?
507 1126 547 1178 Ae
557 1127 642 1179 satim
657 1135 704 1190 ett,
723 1127 808 1180 alieno
822 1145 864 1179 me
874 1128 945 1180 mort'

134 1194 245 1254 scelere,
266 1209 345 1261 quom
361 1202 432 1245 metu
451 1209 518 1246 meo.
554 1195 580 1246 ’1.
599 1195 656 1247 Diu
675 1197 766 1247 animo
784 1197 814 1247 in
833 1197 945 1248 diversa

135 1266 263 1325 versato,
279 1261 433 1330 nulli„quid
445 1265 578 1329 scriptum
588 1270 673 1326 esset,
688 1264 823 1317 enuntiat:
840 1267 943 1333 episto·

134 1331 263 1395 lamque,
274 1329 368 1396 sigillo
380 1330 456 1380 anuli
467 1332 510 1381 sui
521 1331 697 1398 impressam,
712 1331 834 1412 pulvino,
851 1334 895 1384 eui
905 1333 946 1384 in·

138 1396 434 1458 eumbebatsubieoit.
462 1399 486 1448 8.
506 1398 581 1450 lnter
594 1397 644 1450 has
659 1401 845 1466 cogitationes
859 1401 944 1452 biduo

85 1519 93 1534 Ι
139 1465 278 1526 absumto‚
287 1463 383 1520 ,illuxit
392 1479 409 1516 a
418 1465 528 1516 medico
539 1465 693 1518 destinatus
705 1467 777 1517 dies:
786 1472 814 1517 et
824 1468 873 1517 ille
884 1484 947 1518 oum

138 1533 255 1601 poculo,
264 1532 295 1582 'in
305 1547 359 1598 quo
369 1533 601 1584 medicamentum
611 1533 745 1595 diluerat,
763 1534 885 1585 intravit.
921 1535 946 1586 9.

142 1599 208 1660 Quo
217 1601 289 1661 viso,
299 1598 465 1662 Alexander,
479 1600 571 1650 levato
583 1614 700 1680 corpore
709 1602 738 1650 in
749 1602 880 1664 cubitum,
891 1602 948 1666 epi-

142 1667 246 1719 stolam
263 1681 281 1716 a
294 1665 479 1716 Parmenione
496 1669 608 1728 missam
622 1668 736 1718 sinistra
750 1683 831 1717 manu
840 1675 949 1728 tenens,

141 1733 248 1800 accipit
258 1732 398 1799 poculum,
414 1738 442 1782 et
452 1731 710 1796 hauritinterritus3
726 1739 784 1783 tum
802 1734 949 1798 epistolam

142 1799 305 1868 Philippum
315 1800 413 1867 legere
427 1799 518 1861 iubet3
539 1813 621 1848 neca
631 1799 710 1849 vultu
723 1798 844 1866 legentis
863 1804 951 1852 movit

144 1869 255 1930 oeulos,
269 1873 356 1928 ratus,
372 1866 480 1934 aliquas
497 1866 687 1917 eonscientiae
698 1875 778 1918 notas
789 1867 890 1933 inipso
901 1882 950 1918 ore

142 1950 230 2004 posse
242 1933 460 2001 deprehendere.
492 1935 531 1985 lt).
543 1934 604 1997 llle,
616 1934 736 2000 epistola
746 1934 879 2000 perlecta,
890 1933 950 2000 plus

142 2001 348 2070 indignationis
369 2017 449 2069 quam
466 2003 578 2067 pavoris
599 2001 732 2053 ostendit:
762 2003 951 2068 proiectisque

145 2069 269 2121 amiculo
284 2076 312 2119 et
325 2070 415 2121 literis
426 2075 491 2120 ante
502 2069 617 2132 leotum,
637 2067 710 2132 Rex,
732 2072 831 2137 inquit,
851 2083 951 2135 semper

145 2135 253 2258 ppidem
263 2133 372 2203 spiritus
382 2152 454 2188 meus
464 2152 498 2188 ex
507 2145 532 2188 te
537 2136 676 2215 pependit,
691 2137 738 2188 sed
746 2153 815 2189 nuno
825 2152 893 2198 vere,
908 2152 950 2187 or·

171 2203 177 2216 ’
204 2220 245 2266 or,
264 2219 342 2254 tauro
358 2211 385 2254 et
398 2203 543 2255 venerabile
556 2220 602 2255 ore
617 2204 745 2256 traditur.
784 2206 823 2253 11.
847 2203 953 2255 Crisaeo

139 2270 302 2342 parricidii,
325 2271 397 2338 quod
413 2268 480 2321 milti
498 2270 628 2325 obiectum
647 2277 695 2333 est,
715 2279 762 2321 tua
775 2271 844 2322 solus
863 2271 951 2324 diluet.

146 2339 276 2390 Servom
295 2353 313 2389 a
331 2353 372 2390 me
391 2337 474 2389 eitam
492 2337 561 2387 milti
584 2336 703 2399 dederim·
729 2354 777 2389 oro
797 2355 892 2405 quaeso
913 2357 952 2400 ue,

147 2421 245 2459 omma
256 2413 429 2472 metopotere
440 2405 658 2456 medicamentum
668 2404 774 2473 eooeips‘
781 2406 859 2458 vend.
924 2423 953 2457 a·

141 2487 186 2526 xa
194 2474 337 2540 poullssper
348 2473 480 2535 animum,
495 2487 570 2538 quem
583 2471 767 2538 intenpestiva
779 2474 955 2526 sollteituds'ne

144 2539 232 2593 amici
239 2539 411 2607 eonefidelee,
423 2541 471 2590 sed
478 2541 585 2591 moleste
594 2539 679 2590 seduli
687 2541 806 2592 turbant.
837 2545 877 2592 la.
892 2539 956 2591 Non

144 2623 279 2662 securum
292 2607 377 2658 modo
392 2606 462 2658 haee
476 2621 545 2670 vox,
565 2607 614 2657 sed
636 2607 718 2658 etiam
738 2605 841 2659 laetum
860 2621 956 2672 regem

143 2691 182 2728 ae
195 2675 308 2742 plenum
319 2673 411 2724 bonae
426 2675 486 2740 spei
499 2671 576 2725 feeit.
611 2674 718 2740 ltaque,
738 2675 770 2727 ss·
777 2674 838 2735 Dii,
856 2673 955 2738 inquit,

143 2742 282 2809 Patuppe,
294 2739 345 2790 riti
345 2740 540 2807 permisissent,
553 2757 604 2807 quo
619 2742 732 2794 maxime
747 2743 825 2793 modo
841 2739 957 2790 unionum
