<?xml version="1.0" encoding="UTF-8"?>
<!DOCTYPE html PUBLIC "-//W3C//DTD XHTML 1.0 Transitional//EN"
    "http://www.w3.org/TR/xhtml1/DTD/xhtml1-transitional.dtd">
<html xmlns="http://www.w3.org/1999/xhtml" xml:lang="en" lang="en">
 <head>
  <title>
</title>
<meta http-equiv="Content-Type" content="text/html;charset=utf-8" />
  <meta name='ocr-system' content='tesseract 3.04.00' />
  <meta name='ocr-capabilities' content='ocr_page ocr_carea ocr_par ocr_line ocrx_word'/>
</head>
<body>
  <div class='ocr_page' id='page_1' title='image "./qcurtiirufidere00johagoog_0389.png"; bbox 0 0 2098 3040; ppageno 0'>
   <div class='ocr_carea' id='block_1_1' title="bbox 336 185 932 240">
    <p class='ocr_par' dir='ltr' id='par_1_1' title="bbox 336 185 932 240">
     <span class='ocr_line' id='line_1_1' title="bbox 336 185 932 240; baseline -0.012 0"><span class='ocrx_word' id='word_1_1' title='bbox 336 189 482 240; x_wconf 82' lang='lat' dir='ltr'>LIBER</span> <span class='ocrx_word' id='word_1_2' title='bbox 509 188 559 238; x_wconf 86' lang='lat' dir='ltr'>lX.</span> <span class='ocrx_word' id='word_1_3' title='bbox 590 187 684 239; x_wconf 74' lang='lat' dir='ltr'>cnr.</span> <span class='ocrx_word' id='word_1_4' title='bbox 711 188 735 238; x_wconf 78' lang='lat'>9.</span> <span class='ocrx_word' id='word_1_5' title='bbox 882 185 932 234; x_wconf 76' lang='lat'>37¹1</span> 
     </span>
    </p>
   </div>
   <div class='ocr_carea' id='block_1_2' title="bbox 127 285 932 494">
    <p class='ocr_par' dir='ltr' id='par_1_2' title="bbox 127 285 932 494">
     <span class='ocr_line' id='line_1_2' title="bbox 128 285 932 354; baseline -0.009 -9"><span class='ocrx_word' id='word_1_6' title='bbox 128 294 257 345; x_wconf 79' lang='lat' dir='ltr'>Oceanus</span> <span class='ocrx_word' id='word_1_7' title='bbox 280 297 446 342; x_wconf 76' lang='lat' dir='ltr'><strong>exaestuans</strong></span> <span class='ocrx_word' id='word_1_8' title='bbox 465 287 558 339; x_wconf 78' lang='lat' dir='ltr'>invehi</span> <span class='ocrx_word' id='word_1_9' title='bbox 574 289 675 354; x_wconf 87' lang='lat' dir='ltr'>coepit,</span> <span class='ocrx_word' id='word_1_10' title='bbox 696 293 724 338; x_wconf 90' lang='lat' dir='ltr'>et</span> <span class='ocrx_word' id='word_1_11' title='bbox 736 294 813 339; x_wconf 87' lang='lat' dir='ltr'>retro</span> <span class='ocrx_word' id='word_1_12' title='bbox 830 285 932 338; x_wconf 86' lang='lat' dir='ltr'>llumen</span> 
     </span>
     <span class='ocr_line' id='line_1_3' title="bbox 127 355 931 423; baseline -0.004 -12"><span class='ocrx_word' id='word_1_13' title='bbox 127 376 162 411; x_wconf 90' lang='lat' dir='ltr'>ur</span> <span class='ocrx_word' id='word_1_14' title='bbox 183 375 239 411; x_wconf 85' lang='lat' dir='ltr'>ere.</span> <span class='ocrx_word' id='word_1_15' title='bbox 263 357 443 423; x_wconf 73' lang='lat' dir='ltr'>Qundprimo</span> <span class='ocrx_word' id='word_1_16' title='bbox 456 357 618 416; x_wconf 73' lang='lat' dir='ltr'>coercitum,</span> <span class='ocrx_word' id='word_1_17' title='bbox 630 355 729 412; x_wconf 86' lang='lat' dir='ltr'>deinde</span> <span class='ocrx_word' id='word_1_18' title='bbox 739 355 931 408; x_wconf 77' lang='lat' dir='ltr'>vehementius</span> 
     </span>
     <span class='ocr_line' id='line_1_4' title="bbox 127 376 932 494; baseline -0.005 -16"><span class='ocrx_word' id='word_1_19' title='bbox 127 376 247 494; x_wconf 51' lang='lat' dir='ltr'>pulsum,</span> <span class='ocrx_word' id='word_1_20' title='bbox 267 427 373 476; x_wconf 89' lang='lat' dir='ltr'>maiore</span> <span class='ocrx_word' id='word_1_21' title='bbox 392 425 498 491; x_wconf 89' lang='lat' dir='ltr'>impetu</span> <span class='ocrx_word' id='word_1_22' title='bbox 516 423 662 474; x_wconf 83' lang='lat' dir='ltr'>adversum</span> <span class='ocrx_word' id='word_1_23' title='bbox 682 423 829 489; x_wconf 76' lang='lat' dir='ltr'>agebatur,</span> <span class='ocrx_word' id='word_1_24' title='bbox 850 440 932 491; x_wconf 86' lang='lat' dir='ltr'>quarn</span> 
     </span>
    </p>
   </div>
   <div class='ocr_carea' id='block_1_3' title="bbox 127 491 955 944">
    <p class='ocr_par' dir='ltr' id='par_1_3' title="bbox 127 491 955 944">
     <span class='ocr_line' id='line_1_5' title="bbox 128 491 931 559; baseline -0.004 -14"><span class='ocrx_word' id='word_1_25' title='bbox 128 495 266 545; x_wconf 77' lang='lat' dir='ltr'><strong>torrentia</strong></span> <span class='ocrx_word' id='word_1_26' title='bbox 275 492 422 559; x_wconf 77' lang='lat' dir='ltr'>praecipiti</span> <span class='ocrx_word' id='word_1_27' title='bbox 433 492 514 542; x_wconf 87' lang='lat' dir='ltr'>alveo</span> <span class='ocrx_word' id='word_1_28' title='bbox 524 491 677 541; x_wconf 87' lang='lat' dir='ltr'>incurrunt.</span> <span class='ocrx_word' id='word_1_29' title='bbox 714 492 753 540; x_wconf 85' lang='lat' dir='ltr'>lo.</span> <span class='ocrx_word' id='word_1_30' title='bbox 764 491 863 557; x_wconf 87' lang='lat' dir='ltr'>lgnote</span> <span class='ocrx_word' id='word_1_31' title='bbox 873 493 931 544; x_wconf 85' lang='lat' dir='ltr'>vul·</span> 
     </span>
     <span class='ocr_line' id='line_1_6' title="bbox 128 556 930 630; baseline -0.001 -18"><span class='ocrx_word' id='word_1_32' title='bbox 128 577 165 630; x_wconf 89' lang='lat' dir='ltr'>go</span> <span class='ocrx_word' id='word_1_33' title='bbox 181 560 247 612; x_wconf 80' lang='lat' dir='ltr'>irati</span> <span class='ocrx_word' id='word_1_34' title='bbox 259 566 359 610; x_wconf 90' lang='lat' dir='ltr'>natura</span> <span class='ocrx_word' id='word_1_35' title='bbox 372 566 441 620; x_wconf 91' lang='lat' dir='ltr'>erat,</span> <span class='ocrx_word' id='word_1_36' title='bbox 462 564 642 624; x_wconf 88' lang='lat' dir='ltr'>monstraque</span> <span class='ocrx_word' id='word_1_37' title='bbox 654 562 682 609; x_wconf 88' lang='lat' dir='ltr'>et</span> <span class='ocrx_word' id='word_1_38' title='bbox 690 559 750 608; x_wconf 90' lang='lat' dir='ltr'>irae</span> <span class='ocrx_word' id='word_1_39' title='bbox 760 556 850 609; x_wconf 82' lang='lat' dir='ltr'>Derim</span> <span class='ocrx_word' id='word_1_40' title='bbox 860 561 930 611; x_wconf 90' lang='lat' dir='ltr'>indi·</span> 
     </span>
     <span class='ocr_line' id='line_1_7' title="bbox 129 624 931 679; baseline -0.002 0"><span class='ocrx_word' id='word_1_41' title='bbox 129 628 481 679; x_wconf 84' lang='lat' dir='ltr'>ciacernerevidebantur.</span> <span class='ocrx_word' id='word_1_42' title='bbox 515 624 671 676; x_wconf 86' lang='lat' dir='ltr'>identidem</span> <span class='ocrx_word' id='word_1_43' title='bbox 680 624 866 676; x_wconf 86' lang='lat' dir='ltr'>intumescere</span> <span class='ocrx_word' id='word_1_44' title='bbox 875 643 931 677; x_wconf 88' lang='lat' dir='ltr'>rna·</span> 
     </span>
     <span class='ocr_line' id='line_1_8' title="bbox 127 692 932 761; baseline -0.005 -13"><span class='ocrx_word' id='word_1_45' title='bbox 127 701 203 759; x_wconf 85' lang='lat' dir='ltr'>re‚ct</span> <span class='ocrx_word' id='word_1_46' title='bbox 211 695 239 746; x_wconf 90' lang='lat' dir='ltr'>in</span> <span class='ocrx_word' id='word_1_47' title='bbox 250 709 363 761; x_wconf 87' lang='lat' dir='ltr'>campos</span> <span class='ocrx_word' id='word_1_48' title='bbox 372 693 467 760; x_wconf 90' lang='lat' dir='ltr'>paullo</span> <span class='ocrx_word' id='word_1_49' title='bbox 479 699 543 743; x_wconf 89' lang='lat' dir='ltr'>ante</span> <span class='ocrx_word' id='word_1_50' title='bbox 554 694 645 744; x_wconf 91' lang='lat' dir='ltr'>siccos</span> <span class='ocrx_word' id='word_1_51' title='bbox 657 692 827 744; x_wconf 87' lang='lat' dir='ltr'>descendere</span> <span class='ocrx_word' id='word_1_52' title='bbox 839 693 932 758; x_wconf 84' lang='lat' dir='ltr'>super-</span> 
     </span>
     <span class='ocr_line' id='line_1_9' title="bbox 128 760 955 827; baseline -0.005 -13"><span class='ocrx_word' id='word_1_53' title='bbox 128 763 229 814; x_wconf 83' lang='lat' dir='ltr'>fusum.</span> <span class='ocrx_word' id='word_1_54' title='bbox 266 763 305 812; x_wconf 92' lang='lat'>11.</span> <span class='ocrx_word' id='word_1_55' title='bbox 325 761 437 826; x_wconf 90' lang='lat' dir='ltr'>lamque</span> <span class='ocrx_word' id='word_1_56' title='bbox 457 760 557 810; x_wconf 84' lang='lat' dir='ltr'>levatis</span> <span class='ocrx_word' id='word_1_57' title='bbox 574 761 702 827; x_wconf 85' lang='lat' dir='ltr'>navigiis,</span> <span class='ocrx_word' id='word_1_58' title='bbox 722 765 828 810; x_wconf 86' lang='lat' dir='ltr'>et&#39;tota</span> <span class='ocrx_word' id='word_1_59' title='bbox 842 760 932 811; x_wconf 89' lang='lat' dir='ltr'>classe</span> <span class='ocrx_word' id='word_1_60' title='bbox 951 787 955 796; x_wconf 91' lang='lat'>·</span> 
     </span>
     <span class='ocr_line' id='line_1_10' title="bbox 129 827 934 944; baseline -0.005 -62"><span class='ocrx_word' id='word_1_61' title='bbox 129 831 265 898; x_wconf 85' lang='lat' dir='ltr'>dispersa,</span> <span class='ocrx_word' id='word_1_62' title='bbox 276 829 325 895; x_wconf 90' lang='lat' dir='ltr'>qui</span> <span class='ocrx_word' id='word_1_63' title='bbox 336 828 455 944; x_wconf 79' lang='lat' dir='ltr'>expositi</span> <span class='ocrx_word' id='word_1_64' title='bbox 469 827 684 895; x_wconf 88' lang='lat' dir='ltr'>erant‚undique</span> <span class='ocrx_word' id='word_1_65' title='bbox 698 834 726 878; x_wconf 90' lang='lat' dir='ltr'>et</span> <span class='ocrx_word' id='word_1_66' title='bbox 736 842 820 880; x_wconf 81' lang='lat' dir='ltr'>nares</span> <span class='ocrx_word' id='word_1_67' title='bbox 830 829 934 893; x_wconf 82' lang='lat' dir='ltr'>trepidi</span> 
     </span>
    </p>
   </div>
   <div class='ocr_carea' id='block_1_4' title="bbox 128 893 954 2648">
    <p class='ocr_par' dir='ltr' id='par_1_4' title="bbox 128 893 954 2648">
     <span class='ocr_line' id='line_1_11' title="bbox 130 893 934 964; baseline -0.006 -14"><span class='ocrx_word' id='word_1_68' title='bbox 130 905 158 950; x_wconf 91' lang='lat' dir='ltr'>et</span> <span class='ocrx_word' id='word_1_69' title='bbox 168 896 321 964; x_wconf 87' lang='lat' dir='ltr'>improviso</span> <span class='ocrx_word' id='word_1_70' title='bbox 333 909 378 945; x_wconf 86' lang='lat' dir='ltr'>rna</span> <span class='ocrx_word' id='word_1_71' title='bbox 392 909 407 945; x_wconf 93' lang='lat' dir='ltr'>o</span> <span class='ocrx_word' id='word_1_72' title='bbox 419 895 532 946; x_wconf 80' lang='lat' dir='ltr'>attoniti</span> <span class='ocrx_word' id='word_1_73' title='bbox 542 900 697 945; x_wconf 86' lang='lat' dir='ltr'>recurrunt.</span> <span class='ocrx_word' id='word_1_74' title='bbox 734 897 775 946; x_wconf 82' lang='lat'>12.</span> <span class='ocrx_word' id='word_1_75' title='bbox 787 893 843 946; x_wconf 75' lang='lat' dir='ltr'>Sed</span> <span class='ocrx_word' id='word_1_76' title='bbox 853 896 881 945; x_wconf 90' lang='lat' dir='ltr'>in</span> <span class='ocrx_word' id='word_1_77' title='bbox 892 904 934 945; x_wconf 89' lang='lat' dir='ltr'>tu-</span> 
     </span>
     <span class='ocr_line' id='line_1_12' title="bbox 128 960 935 1016; baseline -0.004 -1"><span class='ocrx_word' id='word_1_78' title='bbox 128 965 217 1016; x_wconf 86' lang='lat' dir='ltr'><strong>multu</strong></span> <span class='ocrx_word' id='word_1_79' title='bbox 236 960 383 1014; x_wconf 76' lang='lat' dir='ltr'>festinatio</span> <span class='ocrx_word' id='word_1_80' title='bbox 418 977 452 1013; x_wconf 92' lang='lat' dir='ltr'>uo</span> <span class='ocrx_word' id='word_1_81' title='bbox 473 977 508 1012; x_wconf 91' lang='lat' dir='ltr'>ue</span> <span class='ocrx_word' id='word_1_82' title='bbox 525 961 605 1012; x_wconf 88' lang='lat' dir='ltr'>tarda</span> <span class='ocrx_word' id='word_1_83' title='bbox 620 968 671 1014; x_wconf 90' lang='lat' dir='ltr'>est.</span> <span class='ocrx_word' id='word_1_84' title='bbox 708 963 746 1014; x_wconf 81' lang='lat' dir='ltr'>lli</span> <span class='ocrx_word' id='word_1_85' title='bbox 758 965 849 1013; x_wconf 87' lang='lat' dir='ltr'>contis</span> <span class='ocrx_word' id='word_1_86' title='bbox 860 964 935 1013; x_wconf 83' lang='lat' dir='ltr'>navi-</span> 
     </span>
     <span class='ocr_line' id='line_1_13' title="bbox 131 978 934 1148; baseline -0.001 -67"><span class='ocrx_word' id='word_1_87' title='bbox 131 1035 178 1099; x_wconf 88' lang='lat' dir='ltr'>gia</span> <span class='ocrx_word' id='word_1_88' title='bbox 192 1029 384 1148; x_wconf 76' lang='lat' dir='ltr'>appellebant3</span> <span class='ocrx_word' id='word_1_89' title='bbox 398 978 433 1078; x_wconf 55' lang='lat' dir='ltr'>(lsi</span> <span class='ocrx_word' id='word_1_90' title='bbox 451 978 514 1080; x_wconf 58' lang='lat' dir='ltr'>gum</span> <span class='ocrx_word' id='word_1_91' title='bbox 527 1043 620 1080; x_wconf 87' lang='lat' dir='ltr'>remos</span> <span class='ocrx_word' id='word_1_92' title='bbox 635 1031 725 1097; x_wconf 89' lang='lat' dir='ltr'>aptari</span> <span class='ocrx_word' id='word_1_93' title='bbox 739 1029 934 1097; x_wconf 87' lang='lat' dir='ltr'>prohibebant,</span> 
     </span>
     <span class='ocr_line' id='line_1_14' title="bbox 131 1097 935 1166; baseline -0.002 -16"><span class='ocrx_word' id='word_1_94' title='bbox 131 1113 217 1150; x_wconf 88' lang='lat' dir='ltr'>conse</span> <span class='ocrx_word' id='word_1_95' title='bbox 239 1102 327 1147; x_wconf 87' lang='lat' dir='ltr'>erant.</span> <span class='ocrx_word' id='word_1_96' title='bbox 373 1097 412 1148; x_wconf 82' lang='grc'>13.</span> <span class='ocrx_word' id='word_1_97' title='bbox 437 1097 555 1158; x_wconf 76' lang='lat' dir='ltr'>Quidum</span> <span class='ocrx_word' id='word_1_98' title='bbox 573 1097 722 1164; x_wconf 79' lang='lat' dir='ltr'>enavigare</span> <span class='ocrx_word' id='word_1_99' title='bbox 743 1103 935 1166; x_wconf 81' lang='lat' dir='ltr'>properantes,</span> 
     </span>
     <span class='ocr_line' id='line_1_15' title="bbox 131 1164 936 1232; baseline -0.004 -15"><span class='ocrx_word' id='word_1_100' title='bbox 131 1166 181 1217; x_wconf 88' lang='lat' dir='ltr'>sed</span> <span class='ocrx_word' id='word_1_101' title='bbox 192 1180 247 1215; x_wconf 91' lang='lat' dir='ltr'>non</span> <span class='ocrx_word' id='word_1_102' title='bbox 258 1165 441 1232; x_wconf 84' lang='lat' dir='ltr'>exspectatis,</span> <span class='ocrx_word' id='word_1_103' title='bbox 453 1165 500 1231; x_wconf 92' lang='lat' dir='ltr'>qui</span> <span class='ocrx_word' id='word_1_104' title='bbox 510 1164 593 1216; x_wconf 91' lang='lat' dir='ltr'>simul</span> <span class='ocrx_word' id='word_1_105' title='bbox 604 1179 666 1216; x_wconf 89' lang='lat' dir='ltr'>esse</span> <span class='ocrx_word' id='word_1_106' title='bbox 678 1165 825 1228; x_wconf 87' lang='lat' dir='ltr'>debebant,</span> <span class='ocrx_word' id='word_1_107' title='bbox 837 1166 936 1216; x_wconf 87' lang='lat' dir='ltr'>clauda</span> 
     </span>
     <span class='ocr_line' id='line_1_16' title="bbox 131 1231 936 1300; baseline -0.002 -16"><span class='ocrx_word' id='word_1_108' title='bbox 131 1240 160 1284; x_wconf 92' lang='lat' dir='ltr'>et</span> <span class='ocrx_word' id='word_1_109' title='bbox 174 1231 308 1284; x_wconf 83' lang='lat' dir='ltr'>inhabilia</span> <span class='ocrx_word' id='word_1_110' title='bbox 321 1233 433 1300; x_wconf 87' lang='lat' dir='ltr'>navigia</span> <span class='ocrx_word' id='word_1_111' title='bbox 443 1232 574 1300; x_wconf 86' lang='lat' dir='ltr'>languide</span> <span class='ocrx_word' id='word_1_112' title='bbox 586 1233 785 1285; x_wconf 80' lang='lat' dir='ltr'>moliebantur:</span> <span class='ocrx_word' id='word_1_113' title='bbox 806 1234 879 1285; x_wconf 87' lang='lat' dir='ltr'>uliae</span> <span class='ocrx_word' id='word_1_114' title='bbox 889 1249 936 1284; x_wconf 87' lang='lat' dir='ltr'>nn-</span> 
     </span>
     <span class='ocr_line' id='line_1_17' title="bbox 130 1299 936 1368; baseline 0.002 -18"><span class='ocrx_word' id='word_1_115' title='bbox 130 1301 205 1351; x_wconf 86' lang='lat' dir='ltr'>vium</span> <span class='ocrx_word' id='word_1_116' title='bbox 217 1299 375 1352; x_wconf 87' lang='lat' dir='ltr'>inconsulte</span> <span class='ocrx_word' id='word_1_117' title='bbox 385 1306 500 1351; x_wconf 88' lang='lat' dir='ltr'>ruentes</span> <span class='ocrx_word' id='word_1_118' title='bbox 510 1315 566 1350; x_wconf 92' lang='lat' dir='ltr'>non</span> <span class='ocrx_word' id='word_1_119' title='bbox 576 1308 755 1368; x_wconf 87' lang='lat' dir='ltr'>receperant;</span> <span class='ocrx_word' id='word_1_120' title='bbox 775 1303 936 1368; x_wconf 86' lang='lat' dir='ltr'>pariterque</span> 
     </span>
     <span class='ocr_line' id='line_1_18' title="bbox 131 1366 935 1433; baseline -0.001 -13"><span class='ocrx_word' id='word_1_121' title='bbox 131 1376 160 1420; x_wconf 88' lang='lat' dir='ltr'>et</span> <span class='ocrx_word' id='word_1_122' title='bbox 170 1368 328 1430; x_wconf 91' lang='lat' dir='ltr'>multitudo,</span> <span class='ocrx_word' id='word_1_123' title='bbox 341 1374 369 1418; x_wconf 87' lang='lat' dir='ltr'>et</span> <span class='ocrx_word' id='word_1_124' title='bbox 379 1371 505 1433; x_wconf 86' lang='lat' dir='ltr'>paucitas</span> <span class='ocrx_word' id='word_1_125' title='bbox 515 1366 681 1421; x_wconf 83' lang='lat' dir='ltr'>festinantes</span> <span class='ocrx_word' id='word_1_126' title='bbox 693 1371 862 1421; x_wconf 89' lang='lat' dir='ltr'>morabatur.</span> <span class='ocrx_word' id='word_1_127' title='bbox 894 1370 935 1420; x_wconf 84' lang='lat'>14.</span> 
     </span>
     <span class='ocr_line' id='line_1_19' title="bbox 132 1434 954 1500; baseline -0.002 -12"><span class='ocrx_word' id='word_1_128' title='bbox 132 1437 243 1488; x_wconf 85' lang='lat' dir='ltr'>Clamor</span> <span class='ocrx_word' id='word_1_129' title='bbox 254 1434 318 1492; x_wconf 69' lang='lat' dir='ltr'>hinc</span> <span class='ocrx_word' id='word_1_130' title='bbox 329 1442 503 1500; x_wconf 84' lang='lat' dir='ltr'>exspectare,</span> <span class='ocrx_word' id='word_1_131' title='bbox 527 1434 645 1486; x_wconf 81' lang='lat' dir='ltr'>hinnire</span> <span class='ocrx_word' id='word_1_132' title='bbox 659 1438 823 1499; x_wconf 83' lang='lat' dir='ltr'>iubentium,</span> <span class='ocrx_word' id='word_1_133' title='bbox 846 1439 935 1489; x_wconf 85' lang='lat' dir='ltr'>disan·</span> <span class='ocrx_word' id='word_1_134' title='bbox 950 1447 954 1450; x_wconf 84' lang='lat'>&#39;</span> 
     </span>
     <span class='ocr_line' id='line_1_20' title="bbox 130 1501 936 1568; baseline 0.001 -14"><span class='ocrx_word' id='word_1_135' title='bbox 130 1517 237 1568; x_wconf 87' lang='lat' dir='ltr'>naeque</span> <span class='ocrx_word' id='word_1_136' title='bbox 256 1516 341 1552; x_wconf 89' lang='lat' dir='ltr'>voces</span> <span class='ocrx_word' id='word_1_137' title='bbox 363 1516 498 1568; x_wconf 82' lang='lat' dir='ltr'>nusquam</span> <span class='ocrx_word' id='word_1_138' title='bbox 517 1501 592 1551; x_wconf 90' lang='lat' dir='ltr'>idem</span> <span class='ocrx_word' id='word_1_139' title='bbox 607 1517 640 1552; x_wconf 86' lang='lat' dir='ltr'>ac</span> <span class='ocrx_word' id='word_1_140' title='bbox 652 1519 736 1554; x_wconf 92' lang='lat' dir='ltr'>unum</span> <span class='ocrx_word' id='word_1_141' title='bbox 751 1504 936 1566; x_wconf 81' lang='lat' dir='ltr'>tendentium,</span> 
     </span>
     <span class='ocr_line' id='line_1_21' title="bbox 131 1568 936 1628; baseline 0.001 -8"><span class='ocrx_word' id='word_1_142' title='bbox 131 1568 186 1620; x_wconf 88' lang='lat' dir='ltr'>non</span> <span class='ocrx_word' id='word_1_143' title='bbox 198 1568 343 1618; x_wconf 90' lang='lat' dir='ltr'>oculorum</span> <span class='ocrx_word' id='word_1_144' title='bbox 351 1568 435 1618; x_wconf 83' lang='lat' dir='ltr'>niodo</span> <span class='ocrx_word' id='word_1_145' title='bbox 447 1582 536 1628; x_wconf 91' lang='lat' dir='ltr'>usum,</span> <span class='ocrx_word' id='word_1_146' title='bbox 558 1568 607 1618; x_wconf 91' lang='lat' dir='ltr'>sed</span> <span class='ocrx_word' id='word_1_147' title='bbox 624 1569 708 1618; x_wconf 84' lang='lat' dir='ltr'>etiarn</span> <span class='ocrx_word' id='word_1_148' title='bbox 725 1571 833 1620; x_wconf 88' lang='lat' dir='ltr'>aurium</span> <span class='ocrx_word' id='word_1_149' title='bbox 844 1571 936 1621; x_wconf 85' lang='lat' dir='ltr'>abstu-</span> 
     </span>
     <span class='ocr_line' id='line_1_22' title="bbox 129 1631 936 1703; baseline -0.001 -15"><span class='ocrx_word' id='word_1_150' title='bbox 129 1639 230 1688; x_wconf 87' lang='lat' dir='ltr'>lerant.</span> <span class='ocrx_word' id='word_1_151' title='bbox 267 1633 308 1683; x_wconf 80' lang='lat'>15.</span> <span class='ocrx_word' id='word_1_152' title='bbox 326 1631 367 1684; x_wconf 89' lang='lat' dir='ltr'>Ne</span> <span class='ocrx_word' id='word_1_153' title='bbox 378 1636 406 1685; x_wconf 89' lang='lat' dir='ltr'>in</span> <span class='ocrx_word' id='word_1_154' title='bbox 418 1634 652 1701; x_wconf 87' lang='lat' dir='ltr'>gubernatoribus</span> <span class='ocrx_word' id='word_1_155' title='bbox 663 1636 774 1701; x_wconf 88' lang='lat' dir='ltr'>quidem</span> <span class='ocrx_word' id='word_1_156' title='bbox 787 1637 936 1703; x_wconf 88' lang='lat' dir='ltr'>quidquam</span> 
     </span>
     <span class='ocr_line' id='line_1_23' title="bbox 130 1699 937 1770; baseline 0 -16"><span class='ocrx_word' id='word_1_157' title='bbox 130 1703 193 1770; x_wconf 91' lang='lat' dir='ltr'>opis</span> <span class='ocrx_word' id='word_1_158' title='bbox 204 1706 273 1764; x_wconf 85' lang='lat' dir='ltr'>erut,</span> <span class='ocrx_word' id='word_1_159' title='bbox 286 1703 402 1768; x_wconf 84' lang='lat' dir='ltr'>quo&#39;rum</span> <span class='ocrx_word' id='word_1_160' title='bbox 413 1715 465 1751; x_wconf 88' lang='lat' dir='ltr'>nec</span> <span class='ocrx_word' id='word_1_161' title='bbox 476 1699 603 1752; x_wconf 85' lang='lat' dir='ltr'>exaudiri</span> <span class='ocrx_word' id='word_1_162' title='bbox 612 1715 667 1751; x_wconf 83' lang='lat' dir='ltr'>rox</span> <span class='ocrx_word' id='word_1_163' title='bbox 677 1715 694 1752; x_wconf 92' lang='lat' dir='ltr'>a</span> <span class='ocrx_word' id='word_1_164' title='bbox 704 1702 937 1764; x_wconf 84' lang='lat' dir='ltr'>tumultuantibus</span> 
     </span>
     <span class='ocr_line' id='line_1_24' title="bbox 128 1766 937 1839; baseline 0 -18"><span class='ocrx_word' id='word_1_165' title='bbox 128 1775 251 1839; x_wconf 91' lang='lat' dir='ltr'>poterat,</span> <span class='ocrx_word' id='word_1_166' title='bbox 262 1781 314 1820; x_wconf 90' lang='lat' dir='ltr'>nec</span> <span class='ocrx_word' id='word_1_167' title='bbox 324 1770 468 1833; x_wconf 88' lang='lat' dir='ltr'>imperium</span> <span class='ocrx_word' id='word_1_168' title='bbox 479 1783 496 1818; x_wconf 93' lang='lat' dir='ltr'>a</span> <span class='ocrx_word' id='word_1_169' title='bbox 504 1766 610 1818; x_wconf 89' lang='lat' dir='ltr'>territis</span> <span class='ocrx_word' id='word_1_170' title='bbox 620 1769 870 1836; x_wconf 70' lang='lat' dir='ltr'>incompositisque</span> <span class='ocrx_word' id='word_1_171' title='bbox 881 1785 937 1821; x_wconf 90' lang='lat' dir='ltr'>ser·</span> 
     </span>
     <span class='ocr_line' id='line_1_25' title="bbox 129 1835 937 1905; baseline 0 -17"><span class='ocrx_word' id='word_1_172' title='bbox 129 1837 200 1888; x_wconf 81' lang='lat' dir='ltr'>vari.</span> <span class='ocrx_word' id='word_1_173' title='bbox 237 1837 277 1888; x_wconf 84' lang='lat' dir='ltr'>lli.</span> <span class='ocrx_word' id='word_1_174' title='bbox 296 1835 372 1903; x_wconf 76' lang='lat' dir='ltr'>Ergo</span> <span class='ocrx_word' id='word_1_175' title='bbox 384 1835 481 1887; x_wconf 85' lang='lat' dir='ltr'>collidi</span> <span class='ocrx_word' id='word_1_176' title='bbox 490 1835 564 1885; x_wconf 86' lang='lat' dir='ltr'>inter</span> <span class='ocrx_word' id='word_1_177' title='bbox 575 1849 605 1886; x_wconf 89' lang='lat' dir='ltr'>se</span> <span class='ocrx_word' id='word_1_178' title='bbox 616 1849 715 1898; x_wconf 85' lang='lat' dir='ltr'>naves,</span> <span class='ocrx_word' id='word_1_179' title='bbox 726 1836 937 1905; x_wconf 86' lang='lat' dir='ltr'>abstergerique</span> 
     </span>
     <span class='ocr_line' id='line_1_26' title="bbox 129 1903 937 1971; baseline -0.001 -15"><span class='ocrx_word' id='word_1_180' title='bbox 129 1906 250 1956; x_wconf 88' lang='lat' dir='ltr'>invicem</span> <span class='ocrx_word' id='word_1_181' title='bbox 264 1905 342 1965; x_wconf 87' lang='lat' dir='ltr'>remi,</span> <span class='ocrx_word' id='word_1_182' title='bbox 362 1911 391 1954; x_wconf 88' lang='lat' dir='ltr'>et</span> <span class='ocrx_word' id='word_1_183' title='bbox 405 1903 455 1954; x_wconf 88' lang='lat' dir='ltr'>alil</span> <span class='ocrx_word' id='word_1_184' title='bbox 468 1903 587 1953; x_wconf 88' lang='lat' dir='ltr'>aliorum</span> <span class='ocrx_word' id='word_1_185' title='bbox 603 1903 715 1970; x_wconf 85' lang='lat' dir='ltr'>navigia</span> <span class='ocrx_word' id='word_1_186' title='bbox 726 1917 827 1971; x_wconf 90' lang='lat' dir='ltr'>urgere</span> <span class='ocrx_word' id='word_1_187' title='bbox 838 1919 937 1971; x_wconf 87' lang='lat' dir='ltr'>coepe-</span> 
     </span>
     <span class='ocr_line' id='line_1_27' title="bbox 130 1970 936 2033; baseline 0 -11"><span class='ocrx_word' id='word_1_188' title='bbox 130 1978 204 2022; x_wconf 88' lang='lat' dir='ltr'>runt.</span> <span class='ocrx_word' id='word_1_189' title='bbox 241 1971 377 2022; x_wconf 86' lang='lat' dir='ltr'>Crederes</span> <span class='ocrx_word' id='word_1_190' title='bbox 397 1985 452 2022; x_wconf 92' lang='lat' dir='ltr'>non</span> <span class='ocrx_word' id='word_1_191' title='bbox 473 1970 554 2021; x_wconf 89' lang='lat' dir='ltr'>unius</span> <span class='ocrx_word' id='word_1_192' title='bbox 574 1971 714 2022; x_wconf 84' lang='lat' dir='ltr'>exercitus</span> <span class='ocrx_word' id='word_1_193' title='bbox 728 1973 848 2022; x_wconf 85' lang='lat' dir='ltr'>classem</span> <span class='ocrx_word' id='word_1_194' title='bbox 862 1970 936 2033; x_wconf 78' lang='lat' dir='ltr'>vehi,</span> 
     </span>
     <span class='ocr_line' id='line_1_28' title="bbox 132 2038 938 2091; baseline -0.002 -1"><span class='ocrx_word' id='word_1_195' title='bbox 132 2039 182 2090; x_wconf 86' lang='lat' dir='ltr'>sed</span> <span class='ocrx_word' id='word_1_196' title='bbox 194 2038 311 2089; x_wconf 89' lang='lat' dir='ltr'>duorum</span> <span class='ocrx_word' id='word_1_197' title='bbox 319 2039 418 2089; x_wconf 86' lang='lat' dir='ltr'>navale</span> <span class='ocrx_word' id='word_1_198' title='bbox 427 2039 515 2090; x_wconf 88' lang='lat' dir='ltr'>inisse</span> <span class='ocrx_word' id='word_1_199' title='bbox 526 2043 676 2088; x_wconf 71' lang='lat' dir='ltr'>conamen.</span> <span class='ocrx_word' id='word_1_200' title='bbox 713 2040 753 2090; x_wconf 88' lang='grc'>17.</span> <span class='ocrx_word' id='word_1_201' title='bbox 764 2038 938 2091; x_wconf 88' lang='lat' dir='ltr'>Incutieban-</span> 
     </span>
     <span class='ocr_line' id='line_1_29' title="bbox 130 2104 938 2186; baseline -0.004 -28"><span class='ocrx_word' id='word_1_202' title='bbox 130 2116 176 2158; x_wconf 92' lang='lat' dir='ltr'>tur</span> <span class='ocrx_word' id='word_1_203' title='bbox 187 2104 324 2173; x_wconf 89' lang='lat' dir='ltr'>puppibus</span> <span class='ocrx_word' id='word_1_204' title='bbox 334 2119 446 2170; x_wconf 83' lang='lat' dir='ltr'>prorae3</span> <span class='ocrx_word' id='word_1_205' title='bbox 457 2104 653 2173; x_wconf 89' lang='lat' dir='ltr'>premebantur</span> <span class='ocrx_word' id='word_1_206' title='bbox 662 2121 679 2156; x_wconf 88' lang='lat' dir='ltr'>a</span> <span class='ocrx_word' id='word_1_207' title='bbox 689 2107 879 2174; x_wconf 90' lang='lat' dir='ltr'>sequentibus,</span> <span class='ocrx_word' id='word_1_208' title='bbox 891 2106 938 2186; x_wconf 92' lang='lat' dir='ltr'>qui</span> 
     </span>
     <span class='ocr_line' id='line_1_30' title="bbox 133 2173 938 2241; baseline 0 -17"><span class='ocrx_word' id='word_1_209' title='bbox 133 2174 331 2225; x_wconf 82' lang='lat' dir='ltr'>antecedentes</span> <span class='ocrx_word' id='word_1_210' title='bbox 345 2173 535 2223; x_wconf 82' lang='lat' dir='ltr'>turbaverant:</span> <span class='ocrx_word' id='word_1_211' title='bbox 556 2175 726 2241; x_wconf 89' lang='lat' dir='ltr'>iurgantium</span> <span class='ocrx_word' id='word_1_212' title='bbox 742 2175 938 2239; x_wconf 85' lang='lat' dir='ltr'>iraperveme-</span> 
     </span>
     <span class='ocr_line' id='line_1_31' title="bbox 131 2239 939 2308; baseline 0.001 -17"><span class='ocrx_word' id='word_1_213' title='bbox 131 2242 181 2291; x_wconf 88' lang='lat' dir='ltr'>bat</span> <span class='ocrx_word' id='word_1_214' title='bbox 191 2241 275 2292; x_wconf 87' lang='lat' dir='ltr'>etiarn</span> <span class='ocrx_word' id='word_1_215' title='bbox 287 2239 322 2290; x_wconf 89' lang='lat' dir='ltr'>ad</span> <span class='ocrx_word' id='word_1_216' title='bbox 332 2255 438 2290; x_wconf 89' lang='lat' dir='ltr'>manus.</span> <span class='ocrx_word' id='word_1_217' title='bbox 476 2241 515 2290; x_wconf 87' lang='grc'>18.</span> <span class='ocrx_word' id='word_1_218' title='bbox 535 2240 647 2308; x_wconf 91' lang='lat' dir='ltr'>lamque</span> <span class='ocrx_word' id='word_1_219' title='bbox 660 2248 756 2293; x_wconf 85' lang='lat' dir='ltr'>aestus</span> <span class='ocrx_word' id='word_1_220' title='bbox 769 2247 846 2292; x_wconf 87' lang='lat' dir='ltr'>totos</span> <span class='ocrx_word' id='word_1_221' title='bbox 863 2242 939 2292; x_wconf 87' lang='lat' dir='ltr'>circa</span> 
     </span>
     <span class='ocr_line' id='line_1_32' title="bbox 133 2308 938 2373; baseline 0.001 -15"><span class='ocrx_word' id='word_1_222' title='bbox 133 2308 234 2358; x_wconf 86' lang='lat' dir='ltr'>flumen</span> <span class='ocrx_word' id='word_1_223' title='bbox 246 2321 359 2373; x_wconf 87' lang='lat' dir='ltr'>campos</span> <span class='ocrx_word' id='word_1_224' title='bbox 374 2308 567 2370; x_wconf 86' lang='lat' dir='ltr'>inundaverat,</span> <span class='ocrx_word' id='word_1_225' title='bbox 585 2308 701 2360; x_wconf 85' lang='lat' dir='ltr'>tumulis</span> <span class='ocrx_word' id='word_1_226' title='bbox 715 2309 858 2361; x_wconf 83' lang='lat' dir='ltr'>dumtaxat</span> <span class='ocrx_word' id='word_1_227' title='bbox 872 2310 938 2361; x_wconf 88' lang='lat' dir='ltr'>erni·</span> 
     </span>
     <span class='ocr_line' id='line_1_33' title="bbox 134 2373 939 2445; baseline 0.001 -19"><span class='ocrx_word' id='word_1_228' title='bbox 134 2374 273 2437; x_wconf 82' lang='lat' dir='ltr'>nantibus,</span> <span class='ocrx_word' id='word_1_229' title='bbox 285 2375 363 2427; x_wconf 83' lang='lat' dir='ltr'>velut</span> <span class='ocrx_word' id='word_1_230' title='bbox 373 2373 472 2426; x_wconf 91' lang='lat' dir='ltr'>insulis</span> <span class='ocrx_word' id='word_1_231' title='bbox 482 2376 586 2442; x_wconf 85' lang='lat' dir='ltr'>parvis:</span> <span class='ocrx_word' id='word_1_232' title='bbox 596 2376 625 2426; x_wconf 93' lang='lat' dir='ltr'>in</span> <span class='ocrx_word' id='word_1_233' title='bbox 637 2390 707 2444; x_wconf 91' lang='lat' dir='ltr'>quos</span> <span class='ocrx_word' id='word_1_234' title='bbox 717 2377 788 2444; x_wconf 91' lang='lat' dir='ltr'>pleri</span> <span class='ocrx_word' id='word_1_235' title='bbox 809 2393 843 2428; x_wconf 90' lang='lat' dir='ltr'>ue</span> <span class='ocrx_word' id='word_1_236' title='bbox 854 2377 939 2445; x_wconf 89' lang='lat' dir='ltr'>trepi-</span> 
     </span>
     <span class='ocr_line' id='line_1_34' title="bbox 135 2393 939 2512; baseline 0.002 -20"><span class='ocrx_word' id='word_1_237' title='bbox 135 2442 172 2504; x_wconf 91' lang='lat' dir='ltr'>di,</span> <span class='ocrx_word' id='word_1_238' title='bbox 184 2442 295 2494; x_wconf 87' lang='lat' dir='ltr'>omissis</span> <span class='ocrx_word' id='word_1_239' title='bbox 306 2443 440 2510; x_wconf 82' lang='lat' dir='ltr'>navigiis,</span> <span class='ocrx_word' id='word_1_240' title='bbox 451 2457 535 2493; x_wconf 90' lang='lat' dir='ltr'>enare</span> <span class='ocrx_word' id='word_1_241' title='bbox 546 2450 706 2509; x_wconf 90' lang='lat' dir='ltr'>coeperunt.</span> <span class='ocrx_word' id='word_1_242' title='bbox 744 2393 939 2512; x_wconf 65' lang='lat' dir='ltr'>19.quspersa</span> 
     </span>
     <span class='ocr_line' id='line_1_35' title="bbox 134 2509 939 2582; baseline 0.004 -22"><span class='ocrx_word' id='word_1_243' title='bbox 134 2509 232 2560; x_wconf 87' lang='lat' dir='ltr'>classis</span> <span class='ocrx_word' id='word_1_244' title='bbox 264 2509 345 2562; x_wconf 82' lang='lat' dir='ltr'>artius</span> <span class='ocrx_word' id='word_1_245' title='bbox 354 2510 383 2560; x_wconf 89' lang='lat' dir='ltr'>in</span> <span class='ocrx_word' id='word_1_246' title='bbox 393 2510 547 2578; x_wconf 80' lang='lat' dir='ltr'>praealtae</span> <span class='ocrx_word' id='word_1_247' title='bbox 565 2511 715 2574; x_wconf 86' lang='lat' dir='ltr'>uastabat,</span> <span class='ocrx_word' id='word_1_248' title='bbox 736 2529 791 2582; x_wconf 87' lang='lat' dir='ltr'>qua</span> <span class='ocrx_word' id='word_1_249' title='bbox 805 2512 939 2566; x_wconf 86' lang='lat' dir='ltr'>subsede-</span> 
     </span>
     <span class='ocr_line' id='line_1_36' title="bbox 132 2523 939 2648; baseline 0.002 -20"><span class='ocrx_word' id='word_1_250' title='bbox 132 2582 197 2628; x_wconf 87' lang='lat' dir='ltr'>rant</span> <span class='ocrx_word' id='word_1_251' title='bbox 207 2523 304 2639; x_wconf 71' lang='lat' dir='ltr'>valles,</span> <span class='ocrx_word' id='word_1_252' title='bbox 315 2579 455 2645; x_wconf 84' lang='lat' dir='ltr'>partimin</span> <span class='ocrx_word' id='word_1_253' title='bbox 464 2578 536 2631; x_wconf 87' lang='lat' dir='ltr'>vado</span> <span class='ocrx_word' id='word_1_254' title='bbox 548 2525 691 2642; x_wconf 61' lang='lat' dir='ltr'>latrabat,</span> <span class='ocrx_word' id='word_1_255' title='bbox 711 2585 853 2648; x_wconf 89' lang='lat' dir='ltr'>utcunque</span> <span class='ocrx_word' id='word_1_256' title='bbox 862 2579 939 2634; x_wconf 86' lang='lat' dir='ltr'>inae-</span> 
     </span>
    </p>
   </div>
   <div class='ocr_carea' id='block_1_5' title="bbox 53 2641 1041 2716">
    <p class='ocr_par' dir='ltr' id='par_1_5' title="bbox 53 2641 1041 2716">
     <span class='ocr_line' id='line_1_37' title="bbox 53 2641 1041 2716; baseline 0.01 -25"><span class='ocrx_word' id='word_1_257' title='bbox 53 2707 57 2714; x_wconf 22' lang='lat'><em>*</em></span> <span class='ocrx_word' id='word_1_258' title='bbox 134 2641 217 2710; x_wconf 87' lang='lat' dir='ltr'>quale</span> <span class='ocrx_word' id='word_1_259' title='bbox 238 2648 332 2694; x_wconf 87' lang='lat' dir='ltr'>terrae</span> <span class='ocrx_word' id='word_1_260' title='bbox 350 2643 495 2712; x_wconf 76' lang='lat' dir='ltr'>fastigium</span> <span class='ocrx_word' id='word_1_261' title='bbox 512 2647 835 2713; x_wconf 83' lang='lat' dir='ltr'>occupaverantundaer</span> <span class='ocrx_word' id='word_1_262' title='bbox 856 2662 939 2716; x_wconf 90' lang='lat' dir='ltr'>quum</span> <span class='ocrx_word' id='word_1_263' title='bbox 1037 2673 1041 2680; x_wconf 38' lang='grc' dir='ltr'><strong><em>ι</em></strong></span> 
     </span>
    </p>
   </div>
   <div class='ocr_carea' id='block_1_6' title="bbox 135 2710 939 2780">
    <p class='ocr_par' dir='ltr' id='par_1_6' title="bbox 135 2710 939 2780">
     <span class='ocr_line' id='line_1_38' title="bbox 135 2710 939 2780; baseline 0.01 -20"><span class='ocrx_word' id='word_1_264' title='bbox 135 2710 228 2761; x_wconf 84' lang='lat' dir='ltr'>subito</span> <span class='ocrx_word' id='word_1_265' title='bbox 241 2725 338 2775; x_wconf 83' lang='lat' dir='ltr'>novus,</span> <span class='ocrx_word' id='word_1_266' title='bbox 351 2719 379 2763; x_wconf 89' lang='lat' dir='ltr'>et</span> <span class='ocrx_word' id='word_1_267' title='bbox 388 2715 506 2780; x_wconf 86' lang='lat' dir='ltr'>pristino</span> <span class='ocrx_word' id='word_1_268' title='bbox 517 2715 607 2766; x_wconf 88' lang='lat' dir='ltr'>maior</span> <span class='ocrx_word' id='word_1_269' title='bbox 618 2719 710 2767; x_wconf 86' lang='lat' dir='ltr'>terror</span> <span class='ocrx_word' id='word_1_270' title='bbox 719 2717 861 2769; x_wconf 84' lang='lat' dir='ltr'>incutitur.</span> <span class='ocrx_word' id='word_1_271' title='bbox 896 2720 939 2768; x_wconf 83' lang='lat'>2⁰.</span> 
     </span>
    </p>
   </div>
   <div class='ocr_carea' id='block_1_7' title="bbox 0 0 1062 3040">
    <p class='ocr_par' dir='ltr' id='par_1_7' title="bbox 0 0 1062 3040">
     <span class='ocr_line' id='line_1_39' title="bbox 0 0 1062 3040; baseline 0 0"><span class='ocrx_word' id='word_1_272' title='bbox 0 0 1062 3040; x_wconf 95' lang='lat' dir='ltr'> </span> 
     </span>
    </p>
   </div>
  </div>
 </body>
</html>
