2054 3030
17 122 19 133 ι
35 87 42 146 i

12 145 36 212 ‘s

115 131 149 182 ot
302 125 437 178 lOANN.
456 125 732 178 FRElNSHEMll

113 229 321 294 mentibusque,
337 243 371 279 ne
382 228 617 278 unaMacedones
627 227 822 293 irrumperent,
837 238 930 295 porta

114 309 302 364 praepropere
321 296 434 346 occlusa
452 311 580 364 magnam
598 296 798 362 oppidanorum
812 304 925 360 partem

12 351 25 400 ἕ·
115 363 151 414 ad
162 363 278 414 exitium
288 361 363 414 hosti
373 364 496 414 tradidit.
534 363 574 414 16.
597 364 672 413 Inter
683 360 752 412 haee
762 361 922 428 Ephialtes,

114 445 170 480 non
181 443 230 495 spe
241 432 330 497 magis
345 447 425 498 quam
436 432 632 497 desperatione
644 429 840 492 formidabilis,
855 448 923 483 curn

36 528 40 540 .
113 496 200 564 regiis
211 495 346 550 ferociter
358 497 519 549 dimicabat:
540 504 568 548 et
583 498 733 563 ancipitem
747 496 865 549 lecisset
879 503 922 550 vi·

114 565 241 628 storiam,
261 565 290 616 ni
308 565 500 617 laborantibus
515 566 573 616 suis
590 566 716 616 seniores
730 565 921 618 Macedonum

112 637 222 684 mature
234 635 447 684 succurrissent.
483 631 507 682 li
520 633 659 683 incastris
675 631 850 683 habebantur
868 637 922 684 im-

112 714 209 752 munes
224 716 339 768 operum
352 700 603 768 periculorumque,
624 701 678 750 nisi
693 699 741 750 ubi
759 701 920 754 necessitas

113 768 249 885 exigeret,
270 785 353 836 quum
369 767 516 834 stipendiis
533 768 719 835 praemiisque
734 765 921 820 nihilominus

110 849 162 901 per
175 844 331 888 ruerentur.
373 837 536 886 Meruerant
556 849 619 885 eum
637 833 771 885 honorem
793 833 919 887 fortibus

109 903 204 966 iactis,
226 910 255 954 et
267 904 318 954 sub
333 903 523 969 superioribus
535 903 650 968 regibus
665 904 783 969 ipsoque
796 902 919 953 Alexan-

110 971 162 1022 dro
173 971 284 1022 bellicis
298 970 441 1034 laboribus
460 975 551 1019 aetate
566 976 673 1020 exacta.
710 970 750 1018 li.
769 968 808 1028 li,
830 985 918 1036 quum

109 1053 177 1090 suos
196 1037 330 1104 periculis
344 1037 459 1087 territos
477 1037 634 1087 detrectare
646 1051 775 1102 pugnam,
789 1042 819 1087 et
835 1050 916 1088 rece·

108 1106 168 1173 ptui
179 1105 273 1156 locum
282 1103 494 1171 circumspicere
504 1104 705 1170 intelligerent,
718 1102 835 1155 Atharia
844 1119 915 1170 quo·

109 1174 172 1224 dam
184 1172 263 1232 duce,
277 1173 307 1222 in
319 1171 435 1238 primam
450 1171 539 1222 aciem
556 1171 716 1236 provolant;
735 1186 916 1238 accensoque

109 1239 185 1308 quod
196 1239 361 1305 elanguerat
371 1238 489 1305 proelio,
499 1239 624 1290 iuniores
637 1239 772 1290 conviciis
786 1245 815 1290 et
826 1239 915 1306 pudo·

107 1321 139 1358 re
150 1305 250 1372 flagitii
263 1307 299 1356 ad
308 1306 490 1356 resumendos
503 1306 609 1357 animos
621 1307 798 1374 compellunt„
818 1307 858 1358 18.
869 1306 925 1366 lta¹

108 1373 192 1426 simul
205 1375 343 1424 acerrimo
358 1375 420 1426 nisu
431 1373 654 1426 incumbentibus
673 1374 810 1436 omnibus,
827 1389 913 1441 quum

108 1441 325 1494 aemulationem
334 1457 412 1493 suam
422 1439 544 1492 hostium
555 1442 660 1492 damnis
673 1448 913 1504 exercerentmo·

107 1515 203 1560 mento
214 1510 348 1577 temporis
357 1510 492 1560 inclinata
501 1509 622 1572 fortuna,
628 1507 771 1576 Ephialtes
781 1525 842 1560 cum
851 1511 913 1576 plu-

107 1577 186 1628 rimis
197 1574 414 1645 fortissimisque
425 1593 538 1628 suorum
549 1581 656 1639 baesus,
662 1578 763 1644 reliqui
773 1578 801 1626 in
813 1580 914 1634 urbem

107 1644 215 1712 repulsi
239 1651 312 1696 sunt.
359 1645 399 1697 lo.
427 1645 597 1696 lntroierant
620 1646 704 1697 etiam
724 1645 914 1697 Macedonum

107 1713 240 1778 multi,‚et
249 1713 380 1780 oppidum
390 1713 418 1765 vi
429 1715 598 1780 capiebatur,
615 1729 697 1781 quum
711 1713 837 1780 receptui
849 1714 915 1764 cani

106 1795 159 1832 rex
172 1781 265 1844 iussit;
285 1783 343 1834 sive
358 1788 389 1832 ut
402 1781 462 1832 urbi
478 1795 615 1849 parceret,
631 1781 689 1832 sive
700 1781 847 1846 praecipiti
856 1782 915 1832 iam

107 1850 137 1900 in
147 1864 291 1918 vesperam
303 1849 357 1911 die,
369 1857 479 1900 noctem
492 1855 520 1900 et
530 1849 655 1900 occultas
665 1849 770 1915 ignotis
786 1848 858 1898 loeis
871 1850 913 1899 in·
1013 1849 1014 1882 l

109 1917 195 1968 sidias
206 1917 355 1969 metuebat.
395 1919 438 1967 2⁰.
465 1916 530 1966 lloc
538 1916 677 1983 proelium
687 1915 852 1982 praecipuas
863 1915 913 1967 ob-

108 2000 250 2036 sessorum
260 1984 335 2035 vires
347 1983 509 2034 consumsit.
544 1983 633 2049 lgitur
641 1984 785 2046 Memnon,
804 1997 913 2034 recum

110 2052 293 2114 Orontobate,
314 2051 361 2118 qui
371 2051 466 2102 urbem
484 2049 606 2113 tenebat,
626 2052 783 2118 ceterisque
794 2051 915 2100 ducibus
1013 2063 1014 2114 ;

108 2120 272 2182 deliberata,
292 2125 375 2170 nocte
388 2119 557 2184 intempesta
571 2118 668 2169 turrim
678 2118 799 2186 ligneam
809 2125 912 2183 etpur-

107 2187 189 2250 ticos,
205 2188 253 2240 ubi
264 2187 322 2239 tela
332 2187 522 2250 servabantur,
542 2186 702 2249 incendunt,
719 2185 914 2251 aedificiisque

107 2270 186 2306 muro
204 2257 303 2308 vicinis
320 2257 413 2322 ignem
429 2261 602 2322 supponunt:
621 2268 675 2321 quo
695 2254 826 2304 celeriter
846 2267 912 2304 con·

108 2328 200 2387 cepto,
221 2338 303 2388 quum
314 2330 342 2374 et
354 2338 389 2374 ex
402 2323 557 2388 porticibus
569 2323 695 2388 turrique
705 2320 815 2372 flamma
825 2326 913 2379 vento

107 2390 215 2458 agitata
224 2389 380 2452 accederet,
394 2391 451 2442 late
461 2391 594 2442 fuderunt
607 2390 775 2442 incendium.
797 2389 839 2438 21.
856 2389 911 2453 Op-

107 2456 271 2523 pidanorum
283 2458 455 2526 militumque
470 2458 643 2509 validissima
653 2473 717 2524 pars
727 2469 820 2508 arcem
829 2457 909 2506 inin-

107 2525 170 2575 sula
183 2525 267 2576 sitam
282 2528 442 2592 occupavit3
461 2526 507 2576 alii
520 2527 549 2577 in
565 2525 748 2577 Salmacidem
766 2539 796 2575 se
812 2529 908 2574 contu-

106 2591 180 2644 lere:
199 2593 315 2643 alterius
330 2595 403 2645 arcis
418 2595 446 2645 id
461 2593 708 2656 nomen,.inditum
722 2589 841 2653 alonte,
861 2589 909 2656 qui

12 2695 13 2706 2
106 2659 213 2724 ibi'est,
233 2660 442 2727 vulgatissimae
456 2660 555 2712 lamae.
592 2661 737 2727 Reliquam
756 2657 910 2709 multitudi-
