2048 3034
293 197 438 249 LIBER
465 197 498 251 V.
522 198 616 250 caP.
648 201 688 248 12.
844 197 893 248 219

84 301 244 366 proximam
253 307 364 351 noctem
376 301 492 351 sceleris
503 300 633 361 consilio,
642 313 726 367 agere
736 301 842 368 gratias
851 303 892 350 in-

82 368 166 434 cipit,
186 368 262 435 quod
279 367 378 434 perfidi
394 365 514 419 hominis
529 367 658 428 insidias,
677 367 731 418 iam
742 368 892 420 Alexandri

86 450 157 503 opes
168 437 329 501 spectantis,
341 435 492 502 prudenter
502 441 639 503 cauteque
650 435 774 487 vitasset.
800 437 825 486 A.
835 435 891 488 Do·

83 519 151 554 num
171 517 233 554 eum
243 501 318 554 hosti
328 503 449 554 laturum
460 501 549 553 fuisse
559 503 637 570 regis
648 507 739 567 caput.
774 501 833 554 Nec
842 506 890 555 mi-

81 571 151 630 rari,
164 568 302 621 hominem
312 571 441 622 mercede
452 570 620 622 conductum
631 571 724 620 omnia
734 567 835 620 habere
846 586 891 622 ve·

7 637 8 640 ’
80 636 175 688 naliar
192 638 388 706 sinepignore,
410 637 549 699 sinelare,
569 636 891 706 ter1·arumorbisexsu-

80 703 154 767 lem,
166 705 314 772 ancipitem
326 704 449 766 hostem,
466 704 607 756 adnutum
621 705 765 754 licentium
776 704 891 755 eircum-

7 789 8 792 ¹
80 769 163 824 ferri.
198 773 223 824 3.
235 773 371 841 Purganti
382 772 483 823 deinde
494 787 534 833 se,
546 771 679 838 Deosque
688 772 794 838 patrios
804 777 892 822 testes

78 839 153 890 fidei
162 855 229 892 suae
239 838 582 900 invocanti,l)ariusvultu
593 839 808 892 assentiebatnrr
820 837 893 891 hand

82 906 197 970 dubius,
218 908 284 974 quin
294 922 361 958 vera
371 906 714 970 deferrenturaGraecis3
734 907 785 958 sed
800 921 834 958 eo
851 921 893 957 re-

79 989 147 1026 rum
157 981 270 1026 ventum
281 979 354 1035 erat,
368 982 464 1024 uttam
475 974 664 1040 periculosum
678 981 755 1026 esset
766 989 822 1025 non
834 989 893 1026 cre·

78 1041 233 1103 deresuis,
255 1041 447 1108 quamdeeipi.
481 1043 506 1092 4.
526 1039 607 1093 XXX
616 1043 707 1093 millia
716 1049 804 1105 erant,
825 1057 892 1124 quo·
914 1083 915 1086 ,

77 1125 147 1160 rum
162 1108 299 1159 inclinata
310 1110 340 1160 ia
355 1109 447 1161 scelus
461 1109 561 1160 levitas
571 1110 735 1162 timebatur:
755 1109 795 1162 lV
803 1111 892 1162 millia

78 1177 191 1228 Patron
201 1174 333 1240 habebat3
351 1178 450 1244 quibus
462 1177 484 1228 si
498 1177 665 1230 credidisset
674 1178 791 1229 salutem
803 1192 891 1240 suam,

79 1245 215 1295 damnata
234 1245 411 1310 popularium
426 1245 491 1309 tide,
511 1246 663 1312 parricidio
680 1246 891 1300 excusationem
985 1297 986 1300 ,

79 1311 198 1363 videbat
216 1311 321 1370 offerri.
366 1313 391 1364 5.
421 1313 517 1380 ltaque
538 1315 722 1381 praeoptabat
739 1315 891 1376 immerito,

7 1417 9 1420 -
80 1395 166 1446 quam
182 1379 243 1430 iure
263 1381 373 1433 violari.
409 1381 498 1433 Besso
512 1387 604 1433 tamen
620 1382 785 1433 insidiarum
800 1384 891 1434 consi-

78 1448 150 1498 lium
169 1448 301 1514 purganti
319 1449 474 1514 respondit,
493 1448 648 1501 Alexandri
662 1449 715 1500 sibi
729 1465 785 1500 non
800 1453 890 1500 minus

78 1514 235 1577 iustitiam,
261 1517 495 1581 quamvirtutem,
517 1531 580 1567 esse
599 1523 781 1583 perspectam.
818 1517 891 1568 Falli

78 1597 142 1644 eos,
155 1583 203 1649 qui
213 1583 382 1648 proditionis
393 1583 427 1633 ab
438 1599 473 1634 co
484 1584 635 1648 praemium
647 1589 822 1649 exspectent:
833 1585 891 1635 vio-

78 1651 157 1702 latae
168 1650 235 1702 iidei
245 1649 531 1700 neminem'acriorem
543 1648 605 1702 lore
615 1650 753 1700 vindicem
759 1651 891 1700 ultorem·

7 1747 9 1756 ν
80 1733 146 1785 que.
183 1718 207 1769 6.
227 1717 341 1784 lamque
357 1733 414 1768 nox
424 1716 581 1784 appetebat,
604 1732 686 1784 quum
699 1716 802 1768 Persae
812 1732 890 1768 more

79 1785 169 1837 solito
191 1787 274 1836 armis
295 1787 397 1851 positis
412 1787 447 1837 ad
464 1785 624 1834 necessaria
639 1797 673 1834 ex
689 1785 817 1850 proximo
828 1784 898 1834 vico*

79 1852 207 1920 gerenda
218 1853 386 1904 discurrunt.
405 1855 441 1904 At
449 1851 602 1914 Bactriani,
614 1857 646 1902 ut
655 1853 820 1916 imperatum
831 1857 892 1901 erat

7 1961 9 1982 ,
77 1921 211 1984 aBesso‚
223 1923 323 1972 armati
333 1921 452 1972 stabant.
488 1921 513 1970 7.
534 1917 891 1970 interhaceDariusArta·

7 2023 8 2032 ι
77 1989 184 2039 haeum
194 1990 279 2040 acciri
289 1990 379 2040 iubet:
401 1988 602 2057 expositisque,
615 2003 686 2054 quae
697 1987 802 2038 Patron
813 1986 891 2058 datu·

7 2089 9 2094 .
77 2057 163 2118 leret,
184 2054 257 2106 baud
277 2057 405 2108 dubitare
421 2057 589 2118 Artabazus,
609 2056 675 2123 quin
691 2051 891 2106 transeundum

79 2131 160 2175 esset
171 2124 200 2174 in
213 2131 306 2175 castra
317 2124 497 2176 Graecorum.
528 2124 629 2175 Persas
641 2137 752 2191 quoqne
763 2121 890 2188 periculo

78 2190 197 2258 vulgato
209 2199 364 2244 secuturos.
401 2191 426 2242 8.
444 2192 608 2242 Destinatus
620 2191 782 2251 sortiariae,
798 2195 826 2240 et
835 2189 889 2240 iam

7 2283 9 2318 p
78 2259 186 2310 nullius
199 2259 319 2310 salubris
330 2260 443 2310 consilii
453 2261 571 2328 patiens,
583 2261 693 2310 unicam
702 2260 732 2308 in
742 2257 793 2308 illa
802 2255 891 2308 forta

7 2335 9 2396 ζ
78 2341 117 2376 na
130 2339 225 2390 opem,
237 2327 420 2390 Artabazum,
431 2328 557 2378 ultimum
568 2327 647 2376 illum
657 2325 777 2388 visurus,
788 2325 890 2392 ample-

7 2397 9 2418 *
39 2440 43 2450 ,
77 2396 183 2445 stitus:
196 2395 381 2463 perfususque
391 2399 495 2446 mutuis
505 2394 643 2456 lacrimis,
653 2390 843 2446 inhaerentem
853 2395 890 2445 sl·

77 2461 109 2512 bi
120 2460 206 2512 avelli
215 2463 305 2515 iubet:
318 2463 403 2530 capiti
412 2462 513 2514 deinde
524 2462 627 2522 velato,
638 2475 673 2510 ne
683 2460 756 2512 inter
769 2463 890 2528 gemitus

79 2529 286 2597 digredientem
297 2531 375 2582 velut
385 2545 401 2582 a
410 2545 482 2598 rogo
492 2528 690 2590 intueretur,in
705 2527 816 2581 humum
826 2543 890 2596 pro-

77 2613 145 2648 num
156 2611 259 2664 corpus
271 2599 383 2650 abiecit.
418 2598 443 2650 9.
455 2600 527 2649 Tum
536 2611 603 2648 vero
616 2597 760 2648 custodiae
772 2599 832 2648 eius
847 2609 889 2645 as·

80 2665 165 2728 sueti,
187 2681 258 2733 quos
278 2668 353 2734 regis
374 2667 492 2717 salutem
512 2665 558 2717 rel
575 2664 701 2732 periculo
721 2665 795 2715 ritae
814 2661 889 2714 tueri

78 2734 241 2800 oportebat,
253 2733 354 2799 dilapsi
365 2740 441 2799 sunt;
457 2733 580 2796 armatis,
592 2748 662 2800 quos
675 2733 728 2784 iam
738 2733 889 2784 adventare
