2036 3030
137 183 169 234 lo
305 178 440 248 roaNN.
459 179 739 232 FRlllNSllEMll

136 285 265 335 fortunae
276 280 424 332 convulsus
435 288 607 344 emutatus,
628 283 771 347 pristinam
786 284 870 334 animi
881 299 936 335 mo·

137 352 310 402 demtionem
320 347 465 414 paullatim
476 356 600 399 exueret.
631 351 670 400 ll.
682 351 770 400 Animi
781 351 866 402 robur
876 367 937 402 eum

135 417 239 484 insigni
249 416 430 477 dexteritate,
442 431 486 465 ma
508 430 542 464 na
552 416 638 480 patris
650 423 678 467 et
689 418 806 468 aliorum
819 418 937 468 admira-

135 487 223 546 tione,
235 483 357 534 ostendit
366 484 395 533 in
406 431 657 550 eqnofiueephala:
669 500 730 534 narn
740 485 770 535 id
778 501 877 536 nomen
887 487 936 536 bu-

134 552 193 603 buli
207 550 306 617 eapitis
326 551 416 618 ligura
429 551 577 616 insignitus
597 559 750 618 acceperat.
789 555 828 604 12.
849 553 938 603 Pluri-

134 635 206 670 mum
224 626 281 669 tum
301 619 424 686 equestri
438 618 520 668 laude
540 617 665 685 pollebat
679 618 839 680 Thessalia,
859 620 937 670 nobi-

133 687 256 753 liumque
280 701 413 752 equorum
438 699 539 752 greges
564 686 659 736 multis
683 687 754 737 locis
782 687 936 738 alebantur.

133 754 281 806 Eminebat
289 762 382 805 tamen
396 754 469 803 inter
483 769 578 804 omnes
591 754 696 804 viribus
707 761 735 805 et
746 758 839 819 specie
850 754 938 805 Buce-

133 820 239 888 phalas,
252 838 332 890 quem
343 820 514 884 Philumena,
527 837 561 873 ex
572 821 717 872 Pharsalia
727 823 870 885 oriundus,
881 837 938 872 ma-
1012 825 1013 868 l

132 891 207 940 ximo
217 890 313 941 inillis
326 888 489 954 regionibus
502 890 626 955 principe
641 889 753 958 dignum
765 891 936 950 existimans,

132 957 168 1008 ad
183 957 341 1023 Philippum
354 955 522 1017 adduxerat,
539 957 660 1007 sedecim
675 959 787 1008 talentis
802 957 937 1007 venalem.

133 1026 174 1075 13.
196 1025 285 1083 Quum
297 1028 387 1072 autem
398 1022 575 1072 velocitatem
587 1025 651 1090 equi
662 1026 879 1092 obsequiumque
890 1039 938 1076 ex·

133 1091 240 1158 perturi
257 1091 285 1140 in
306 1103 430 1155 campum
445 1089 669 1152 descendissent,
688 1108 769 1143 nemo
785 1096 936 1142 anticorum

133 1157 341 1224 satellitumque
352 1157 428 1223 regis
438 1163 560 1207 tractare
572 1172 632 1207 eum
649 1161 751 1224 potuit:
771 1163 838 1274 puin
848 1163 938 1210 insur-

134 1226 220 1293 gebat
229 1226 257 1275 in
268 1239 378 1287 omnes,
399 1234 427 1275 et
442 1226 630 1275 conscendere
645 1233 762 1275 conatos
785 1228 879 1276 erocia
891 1241 938 1278 ex-

134 1291 267 1343 terrebat.
306 1293 345 1342 14.
364 1291 692 1359 lamqueproindomito,
711 1293 785 1342 etob
797 1293 938 1344 feritatem
1012 1329 1013 1372 p

74 1399 77 1406 .
133 1359 244 1422 inutili,
270 1358 488 1426 relinquebatur;
513 1375 595 1426 quum
616 1361 757 1426 suspirans
772 1360 938 1424 Alexander,

136 1426 247 1491 Qualem
266 1426 314 1476 isti
331 1441 424 1493 equum
447 1426 574 1491 perdunt,
587 1444 638 1494 per
657 1427 792 1478 mollitiem
805 1428 890 1479 enina'
911 1439 940 1479 et

135 1494 272 1545 tractandi
288 1493 464 1560 imperitiam!
479 1493 541 1554 Quo
559 1497 669 1562 saepius
682 1498 811 1562 repetitu,
827 1503 938 1563 epatre
1011 1535 1012 1546 ,

133 1562 296 1627 increpitus,
316 1563 391 1629 quod
405 1562 441 1611 ob
456 1563 609 1629 negotium,
630 1563 704 1632 quod
720 1564 866 1615 emendare
882 1579 937 1614 non

154 1636 241 1692 osset,
260 1629 381 1679 maiores
397 1631 602 1698 peritioresque
616 1633 748 1683 conviciis
769 1633 937 1694 incesseret3

159 1711 197 1764 go
210 1712 283 1760 aere,
294 1697 393 1763 inquit,
404 1697 555 1759 enteadabo,
571 1708 658 1766 puter,
669 1698 858 1766 sipermisera't.
895 1700 935 1748 15.

131 1767 221 1832 Atque
231 1764 281 1815 illo
292 1765 625 1834 subiiciente,fruetratas
634 1775 722 1817 autem
734 1781 812 1832 quara
821 1782 937 1832 poenam

129 1831 937 1900 pendesiEqui,inquitprett'amlanm;exortoqueomnium
1010 1837 1011 1903 l

132 1901 201 1962 risu,
216 1903 354 1960 convenit,
372 1907 402 1951 ut
420 1903 510 1951 victor
525 1915 624 1965 equum
638 1905 717 1965 patre
731 1907 840 1951 emente
855 1899 937 1952 habe-

131 1974 185 2030 ret,
197 1969 287 2018 victus
298 1969 439 2017 amitteret
450 1967 603 2032 pecuniam.
638 1966 677 2016 ld.
690 1968 760 2017 Tum
769 1968 937 2032 Alexander,

133 2032 342 2101 comprehensis
354 2035 417 2100 equi
429 2032 554 2094 habenis,
568 2047 630 2083 enm
640 2034 679 2084 ita
689 2038 794 2098 statuit,
809 2038 879 2087 utin
890 2038 937 2087 ad-

133 2118 230 2153 versos
241 2101 311 2153 solis
321 2101 417 2151 radios
428 2115 589 2161 conversus,
607 2102 730 2153 umbram
741 2119 817 2154 suam
829 2107 937 2221 conspi-
1009 2097 1010 2113 ³

134 2185 197 2220 eere
210 2184 265 2220 non
275 2175 382 2235 posset=
403 2183 436 2217 ea
447 2167 520 2218 enim
530 2173 612 2218 antea
622 2173 784 2222 exterritum
796 2173 886 2222 acrius
911 2188 937 2222 e-

133 2237 241 2288 roeisse
255 2237 463 2288 observaverat:
484 2251 622 2303 quumque
638 2237 816 2290 nihilominus
827 2247 937 2290 aestua·
1008 2249 1009 2254 ’

133 2309 186 2366 ret,
196 2303 288 2354 iubam
300 2303 469 2366 demulcens,
485 2303 654 2372 dimissaque
666 2307 768 2357 sensim
780 2304 936 2373 chlamyde,

132 2369 161 2420 in
171 2371 340 2422 saevientem
352 2369 442 2432 adhue
451 2371 548 2423 insilit.
572 2373 611 2423 lt.
623 2373 674 2424 llle
685 2375 800 2441 parendi
811 2374 936 2426 insolens

133 2439 271 2489 cervicem
283 2444 312 2488 et
321 2439 412 2489 calces
423 2439 538 2503 iactare,
554 2440 695 2508 multaque
705 2442 861 2508 pervicacia
872 2457 937 2493 con·
1007 2469 1008 2498 ι

132 2504 294 2557 trafrenum
310 2507 374 2570 niti3
395 2506 514 2575 denique
529 2508 672 2575 proripere
686 2525 716 2559 se
732 2511 839 2571 conari,
855 2517 885 2561 et
897 2512 937 2561 in·
1007 2513 1008 2518 ’

133 2575 212 2640 genti
221 2573 355 2624 violentia
366 2589 474 2626 cursum
486 2575 587 2626 moliri.
624 2577 664 2625 18.
684 2575 814 2641 Spatiosa
824 2584 852 2628 et
862 2578 937 2646 equi·

133 2642 227 2692 tabilis
238 2641 504 2724 planitiessuberat:
520 2657 588 2760 erpo
604 2642 787 2724 ferocientem
798 2645 938 2696 exsultan

133 2717 246 2779 temque
259 2708 355 2762 effusis
369 2727 398 2762 tn
408 2711 511 2763 collum
521 2709 558 2761 ha
578 2725 652 2769 ems,
672 2710 833 2779 adeousque
848 2711 927 2764 calca
