2098 3040
343 284 487 336 LIBER
509 284 559 336 lx,
583 287 719 338 ΕΔΗ.
740 288 764 340 3.
901 287 950 338 357

142 383 290 466 imperuri;
309 383 360 436 bae
373 401 453 437 unum
468 384 603 437 debiturus
617 400 683 436 rura.
706 385 760 438 ·Et
770 386 793 438 ir
808 405 853 439 aas
868 403 947 457 ruga,

144 469 190 522 qus
200 449 270 505 arbit
277 469 394 520 unquam
402 452 476 506 aabnb
486 451 625 532 praecepi,
646 450 710 518 quia
715 452 818 520 primus
828 454 947 536 amperi-

143 519 208 572 euiie
219 519 374 572 obtulerim.-
393 520 441 589 qui
454 536 533 588 saepe
547 535 632 571 acrem
647 520 735 587 ctqpeo
753 536 809 572 area
825 531 895 574 terr:
914 539 947 574 ae

141 586 310 657 infregeritis
327 587 357 640 in
376 587 497 639 inanibus
515 587 579 638 ateis
591 587 719 654 pulsuum,
744 603 795 654 qua
804 587 946 642 Herculem

140 653 319 724 Liberumque
325 665 443 724 patrem,
453 654 478 705 ri
486 654 587 706 inuidia
597 653 726 724 abfuerit,
739 655 868 721 aequabo.
904 659 944 708 30.

141 720 214 774 Date
223 723 274 775 bac
280 724 406 791 precibus
416 720 488 783 aneia
494 729 522 772 et
531 722 636 774 tandem
647 720 946 774 obstinaturasileatiam

141 788 263 858 rumpite.
292 789 346 842 Uti
353 799 394 842 est
403 790 445 841 itte
455 790 564 852 elamor,
576 788 727 840 amenitatis
737 796 842 840 nestrae
850 787 947 841 inderet

139 857 187 909 ubi
195 857 238 910 ilie
247 872 367 910 mearum
376 855 555 908 Macedonum
565 858 669 908 nultus?
688 855 750 913 Non
761 871 880 925 agneten
891 873 944 918 aas,

139 925 253 988 mititem
263 941 312 976 aec
322 924 436 994 agnosci
444 923 536 976 uidear
546 941 563 975 a
572 924 655 976 rabir.
681 923 782 976 Surdae
793 923 946 974 iamdudum

140 1009 219 1044 aures
231 993 327 1060 pulta.-
349 1007 454 1044 arurae
469 989 571 1043 aaiauu
586 1001 612 1043 et
625 991 760 1062 infractos
774 991 893 1044 excitare
903 1007 945 1042 ca·

140 1075 200 1110 nar.
238 1061 279 1110 31.
300 1059 445 1128 Quumque
459 1059 501 1111 illi
516 1061 544 1111 in
555 1066 658 1111 terram
669 1060 798 1111 demissis
811 1059 949 1125 capitibus

140 1132 236 1178 tacere
246 1134 471 1194 perseverarent:
492 1125 588 1179 Nescio
600 1127 672 1196 quid,
683 1129 783 1194 inquit,
796 1125 949 1194 imprudens

140 1191 169 1244 ia
188 1209 234 1245 aar
250 1193 357 1262 deliqui,
380 1195 452 1262 quod
464 1210 505 1246 me
517 1211 551 1246 ne
565 1194 668 1247 intrari
677 1193 877 1262 quidemnuttie.
914 1192 949 1245 In
966 1240 973 1260 ,

138 1260 282 1314 solitudine
301 1261 369 1314 mibi
386 1263 478 1315 ridear
497 1278 560 1314 erre.
597 1261 681 1314 Neara
693 1263 852 1329 remandet,-
871 1277 947 1313 aerae

139 1330 233 1380 saltem
244 1338 335 1397 negat.
372 1331 413 1383 82.
436 1329 509 1395 Quat
522 1330 662 1398 alloquar?
678 1329 751 1395 Quid
759 1339 948 1398 nrsterapaetu·
1040 1331 1041 1334 ’

139 1397 183 1447 la?
217 1395 338 1449 Vestram
356 1398 476 1468 gloriam
497 1406 525 1450 et
541 1397 755 1466 magnitudinem
772 1397 946 1450 vindicamur.

144 1457 196 1514 Ubi
205 1473 269 1517 ruat
276 1465 323 1527 itti,
336 1480 448 1533 quarum
459 1475 593 1517 certamen
599 1468 692 1532 paulin
703 1474 765 1516 aate
774 1465 831 1516 nidi
839 1475 946 1516 enaten-

140 1531 270 1593 deatiam,
282 1531 503 1600 quipatissimum
512 1531 646 1582 uulnerati
654 1531 726 1597 regie
738 1547 833 1598 carpas
844 1532 945 1599 excipe·

139 1599 216 1649 renti
233 1597 372 1660 Desertum,
394 1597 611 1658 destitutarum,
626 1597 866 1648 baatibaededitus.
904 1599 945 1650 33.

57 1715 59 1720 ,
140 1665 195 1718 Sed
206 1665 277 1716 salus
293 1681 397 1733 quaque
413 1665 454 1716 ire
459 1663 646 1732 perseverabo.
684 1661 800 1716 Obiicite
809 1679 850 1714 me
852 1663 946 1782 qiurai·

139 1731 217 1784 aibur
227 1739 254 1783 et
264 1731 362 1794 bedain,
374 1739 401 1784 et
408 1731 461 1784 illic
468 1730 603 1801 gentibus,
613 1747 726 1799 quaram
736 1729 846 1781 aomina
875 1747 947 1783 arre-

140 1798 183 1852 tia.
220 1797 367 1862 inveniam,
390 1799 437 1866 qui
447 1799 578 1851 desertum
588 1815 605 1849 a
615 1797 689 1849 neiis
699 1806 862 1865 sequantur:
882 1797 946 1867 Seq-

140 1866 204 1920 aa
216 1864 414 1937 Bactrianique
428 1875 508 1919 erant
520 1881 621 1917 mecum
627 1883 640 1928 ,·
660 1865 748 1916 taeter
762 1865 854 1932 paullo
874 1873 946 1928 ante,

139 1933 423 1988 nuucmiir'tesaartri.
459 1935 501 1987 34.
521 1932 597 1984 Mari
605 1939 739 2001 praestat,
759 1949 837 2000 quarn
873 1948 947 1984 reca-

139 2001 183 2054 ria
192 2001 382 2069 imperatorem
393 2019 455 2056 erre.
490 2001 532 2054 Ite
541 2003 650 2054 reduces
666 2002 756 2053 domae
762 2017 775 2062 ,·
793 1999 831 2052 ite
876 2007 948 2052 terta

139 2085 206 2137 rege
216 2078 333 2122 anantes.
361 2071 426 2139 Ego
434 2069 587 2122 bicarobir
598 2070 753 2137 derperatae
763 2066 893 2120 uictoriae
901 2075 949 2119 aut

140 2137 608 2190 honestaemortiterumiaaeaiam.

190 2203 238 2256 ΙΙΙ.
257 2205 301 2258 Ne
321 2205 363 2256 sic
377 2207 489 2273 quidem
503 2207 555 2257 ulli
569 2207 687 2258 militum
701 2219 757 2256 vox
773 2203 891 2270 exprimi
902 2219 949 2270 pa·

140 2272 203 2324 tuit.
237 2273 454 2340 Exspectabam,
466 2279 497 2324 ut
506 2273 591 2326 duces
602 2274 799 2341 principesque
809 2273 842 2324 ad
854 2285 949 2340 regem

140 2339 308 2406 perferrent,
318 2341 480 2394 vulneribus
492 2352 521 2392 et
530 2343 662 2393 continuo
674 2340 771 2392 labare
781 2340 898 2392 militiae
909 2340 950 2391 ia-

140 2407 248 2474 tigatos
258 2425 315 2460 non
326 2408 484 2461 detrectare
494 2411 600 2473 munia,
611 2409 661 2461 sed
672 2410 810 2460 sustinere
820 2424 875 2460 non
886 2424 952 2475 pas-

143 2487 183 2525 se.
220 2478 245 2527 2.
265 2477 396 2528 ceterum
406 2477 450 2528 iiii
461 2483 537 2529 metu
547 2478 660 2528 attoniti
670 2477 699 2527 in
709 2481 812 2528 terram
821 2491 873 2528 ara
884 2475 950 2525 defi-

141 2548 251 2594 xerant.
282 2543 359 2612 Ergo
369 2547 459 2614 primo
470 2544 599 2596 fremitus
610 2558 660 2596 sua
670 2549 779 2611 sponte,
790 2542 892 2596 deinde
904 2555 951 2660 qe·

141 2608 227 2661 mitus
247 2626 357 2679 quoque
379 2615 482 2676 oritur3
513 2613 712 2680 paullatimque
731 2613 848 2663 liberius
869 2608 904 2660 do
919 2623 952 2661 or

143 2677 216 2744 erigi
227 2680 330 2744 caepit,
342 2681 518 2732 manantibus
529 2681 663 2743 lacrimis,
675 2681 746 2732 adeo
759 2686 790 2731 ut
799 2691 859 2740 rex,
870 2677 912 2727 ira
918 2677 954 2727 in

140 2743 365 2797 misericordiam
376 2763 471 2811 versa,
482 2763 517 2800 nc
527 2749 588 2816 ipre
599 2747 721 2815 quidem,
732 2759 895 2815 quamquam
907 2759 952 2795 eu-

142 2820 232 2880 peret,
253 2819 411 2880 temperare
430 2815 519 2867 oculis
536 2817 668 2884 potuerit.
705 2815 729 2865 3.
750 2813 874 2866 Tandem
894 2812 953 2862 uni-
