2082 3042
102 212 151 262 262
314 207 485 270 QUINTI
511 208 676 260 cuu'rlt

100 317 248 376 vastasque
259 310 425 360 solitudines
437 307 668 376 fugiuntingenti
678 323 729 376 per
738 314 799 359 totu
810 313 904 359 casua

100 385 209 429 terrore
221 375 336 440 diffus03
358 377 448 427 donec
456 391 515 438 rex,
533 376 652 427 tumultu
662 379 787 444 cognito,
807 375 901 442 legem

100 445 135 496 de
146 444 282 510 supplicio
294 445 504 494 coniunctorum
514 443 671 494 insontibus
683 445 826 494 remittere
841 441 900 492 edi-

97 511 150 563 xit.
186 513 227 561 21.
248 510 373 562 Philotos
389 523 492 561 verone
506 525 540 560 an
554 510 699 562 urenducio
710 511 830 567 liberare
842 523 902 559 sea

101 581 227 630 cruciatu
236 579 365 635 voluerit.
377 593 478 642 anceps
489 579 652 628 coniectura
663 585 718 640 est,
730 577 863 646 quoniam
872 585 903 627 ot

102 661 167 696 nera
181 645 320 702 confessis
334 651 363 696 et
375 643 447 695 falsa
460 644 617 695 dicentibus
632 645 706 696 idem
718 644 824 695 doloris
835 645 903 693 linis

99 714 265 764 ostenditur.
302 715 342 763 22.
363 714 505 773 Ceterum,
516 709 608 773 Pater,
620 713 717 792 inquit,
727 724 798 762 mens
808 709 900 778 Hege-

97 780 174 831 laclla
204 797 265 832 uam
268 779 450 850 familiariter
459 793 521 830 aras
531 777 574 840 eit,
590 777 807 840 nonernaratis5
824 776 900 828 iliam

96 847 155 899 dica
166 797 357 916 liegelaclrum,
370 846 416 912 qai
423 846 452 898 in
462 845 519 898 acie
530 845 632 898 cecidit.
656 817 704 898 itu
714 845 830 897 omnium
841 859 899 896 nsa-

95 916 182 966 larum
193 915 267 966 nolis
278 913 430 983 caasafuit.
466 915 507 964 23.
528 912 602 964 Nam
612 914 815 982 quamprimum
825 911 900 965 Ionis

88 982 181 1052 filiam
201 997 228 1033 ee
247 981 534 1042 sainsorensium,
557 980 587 1031 id
603 981 713 1050 indigne
723 980 820 1052 ferens
839 979 899 1031 ille:

95 1049 198 1114 „Hanc
207 1050 293 1116 igitar
303 1064 393 1118 regem
404 1045 604 1116 agniscimat,“
613 1049 709 1117 inquit,
720 1084 737 1110 ‚,
759 1047 788 1099 ui
796 1047 899 1114 Priap-

92 1133 158 1184 pam
173 1118 334 1183 dedignatur
344 1117 471 1183 petrense
488 1114 585 1167 Acmen
598 1125 638 1167 eet
650 1117 682 1168 ds
700 1065 788 1179 neiis,
806 1115 832 1166 si
845 1115 899 1166 s'sta

92 1185 199 1252 perpeti
205 1197 352 1250 possamus.
388 1183 430 1234 m.
450 1180 512 1233 Non
523 1182 640 1234 homines
651 1185 744 1244 salam,
761 1182 900 1234 sedetiam

96 1253 157 1302 deas
169 1249 290 1316 despicit,
313 1250 359 1316 qui
365 1252 485 1314 postulat
495 1249 557 1301 deur
567 1251 647 1302 credi.
684 1249 826 1302 Attrisimar
838 1249 899 1301 Ale-

93 1317 235 1378 xandrum,
256 1316 390 1366 amisimus
409 1333 513 1384 regem:
533 1317 673 1370 incidimus
691 1318 719 1370 in
737 1317 898 1386 superbiam,

94 1383 209 1445 necdiis,
230 1383 360 1450 quidesse
370 1392 509 1450 exaequat,
530 1400 578 1436 nec
588 1384 746 1447 dominibus,
768 1385 900 1453 quidesse

95 1446 199 1515 eximit,
214 1450 386 1502 tolerabilem.
423 1451 464 1504 25.
485 1449 619 1504 Nostrone
629 1453 760 1521 sanguine
770 1453 897 1570 cicumse-

94 1519 185 1581 cimus,
197 1518 244 1587 qui
253 1535 300 1570 nas
303 1517 453 1590 fastidiat?
463 1519 509 1586 qui
516 1529 649 1588 gravetur
658 1520 811 1572 mortalium
822 1535 838 1570 a
858 1520 899 1572 ire

93 1586 251 1638 concilium?
262 1586 368 1639 Credite
378 1586 452 1650 milri,
463 1596 490 1639 et
499 1603 555 1650 nos,
561 1588 586 1639 si
594 1588 647 1640 ciri
655 1605 751 1650 sumta,
762 1604 779 1639 a
790 1587 840 1638 diis
850 1587 898 1639 aei-

93 1654 254 1721 optalrimur.
300 1656 342 1707 26.
372 1655 438 1720 Quis
456 1671 588 1724 proauum
608 1655 685 1707 lenias
705 1655 895 1710 Alexandrum.

94 1723 151 1790 quis
165 1722 258 1775 alaude
271 1723 446 1786 Archelaum,
468 1723 526 1791 puio
540 1722 697 1776 Perdiccam
713 1723 813 1775 accim
826 1724 897 1774 altas

92 1793 147 1842 est?
167 1789 211 1842 iric
233 1791 337 1859 quidem
350 1791 569 1872 interfectoribus
579 1790 669 1859 patris
682 1790 819 1859 ignovit.“
854 1791 896 1841 2i.

94 1857 168 1910 Haec
183 1857 353 1928 Hegelochus
369 1861 439 1912 diuet
450 1874 668 1926 superuacuam:
688 1867 714 1909 et
729 1866 838 1926 postera
854 1858 898 1908 die

88 1925 179 1992 prima
189 1928 246 1978 lace
257 1936 359 1994 epatre
370 1943 499 1979 accersor.
539 1923 636 1978 Tristis
647 1933 718 1988 erat,
738 1934 766 1976 et
776 1941 817 1976 me
826 1941 897 1976 moe-

90 2001 161 2044 stum
171 1993 290 2045 videdat:
301 1994 468 2045 audieramus
478 1993 555 2054 enim,
567 2011 635 2061 qnae
644 1993 846 2046 sollicitudiuem
855 1993 897 2044 s'n·

91 2069 220 2112 caterent.
257 2063 298 2112 28.
318 2060 415 2127 Itaque
435 2069 465 2110 ut
480 2060 669 2127 experiiemur,
689 2071 813 2113 utrumne
832 2060 896 2112 sino

88 2137 220 2194 gravatas
240 2127 378 2196 effiedisset
394 2127 448 2184 ilia,
468 2143 503 2176 aa
522 2128 619 2180 altiore
632 2138 760 2196 concepta
773 2127 895 2190 consitio,

90 2195 219 2248 accersiri
227 2210 286 2246 eam
294 2193 404 2273 placuit.
438 2191 530 2246 Venit:
542 2197 683 2263 eademque
692 2211 813 2248 sermone
822 2197 895 2248 ultro

90 2261 204 2327 repetita
215 2262 322 2324 adiecit,
343 2279 399 2323 „se‚
410 2261 463 2312 sine
475 2262 630 2315 auderemus
641 2264 717 2316 duces
727 2278 789 2324 erse,
797 2263 895 2330 prasi-

88 2342 146 2380 mae
156 2343 173 2377 a
183 2328 259 2380 nabis
264 2338 359 2409 partes
370 2329 565 2382 vindicaturam
570 2347 583 2392 ,·
601 2330 655 2382 siae
670 2331 769 2382 deesset
778 2329 894 2390 animas,

88 2393 227 2446 consiliam
245 2396 349 2448 alentio
370 2413 424 2449 esse
446 2401 605 2448 tecmrum.“
645 2397 687 2450 m.
707 2397 893 2459 Parmenioni,

87 2465 146 2513 nico
166 2463 254 2515 adduc
273 2463 376 2526 Dario,
395 2464 640 2531 intempestivam
659 2465 818 2528 videbatis&
838 2481 893 2516 noa

88 2530 225 2592 mimmii,
236 2531 283 2582 sed
291 2531 369 2595 leonti
381 2548 435 2583 esee
444 2532 577 2585 occuaros
588 2533 782 2585 Alexandrum.-
802 2529 894 2584 Dario

87 2611 149 2648 nero
168 2597 282 2661 sublato,
297 2600 448 2666 praemium
466 2599 539 2667 regis
559 2600 640 2652 occisi
653 2600 744 2652 Asiam
766 2607 894 2652 ettotam

89 2659 226 2716 Orientem
236 2665 454 2738 interfectoribus
464 2682 517 2718 esre
528 2682 643 2719 cessura.
681 2665 895 2735 Approdatoqae

86 2731 206 2795 consilio,
225 2734 255 2784 in
273 2733 339 2786 daec
344 2735 416 2805 fides
429 2734 493 2784 data
507 2737 547 2786 es‘t
560 2744 587 2785 et
596 2744 714 2802 accepta.
751 2735 792 2786 it).
814 2731 898 2799 Quod
