2082 3042
320 180 467 231 LIBER
495 179 577 230 Vlll.
612 181 707 233 CAP.
736 186 761 233 2.
892 184 942 236 313

136 285 193 336 alio
205 283 346 350 praesidio
358 282 503 344 damnato,
514 282 681 348 petiverunt.
709 278 757 334 rt.
776 286 811 335 At
822 284 943 336 Oxartes

134 351 274 468 trepidum
285 349 509 418 diffidentemque
519 349 604 400 rebus
611 349 669 400 suis
676 348 870 415 Sysimitbrem
878 369 942 405 coe*

153 421 176 469 it

133 437 272 552 Experiri,
284 500 337 536 neu
349 489 506 536 moraretur
516 482 727 535 festinationem
737 485 852 538 victoris
864 503 942 540 exer·

135 556 218 615 citus,
238 554 266 604 in
277 552 382 604 Indiam
392 552 545 603 tendentis:
567 551 611 602 cui
622 551 749 620 quisquis
760 560 850 603 semet
859 554 942 608 offer·

135 626 188 684 ret,
208 623 238 671 in
257 635 336 671 suum
356 627 440 687 caput
460 619 581 670 alienam
594 619 701 669 cladem
716 633 941 676 esserersurum.

135 689 176 739 28.
195 688 231 738 Et
248 688 309 754 ipse
330 689 441 755 quidem
456 685 640 752 Sysimitbres
655 685 827 738 deditionem
841 703 942 741 annue·

134 757 194 806 bat:
214 763 338 807 ceterum
351 761 441 805 nister
457 754 609 820 eademque
625 754 729 805 coniux
738 755 901 806 morituram
912 771 942 808 se

136 830 199 874 ante
210 823 387 885 denuntians,
407 836 488 888 quam
502 822 531 872 iu
545 820 629 872 ullius
643 822 752 872 veniret
765 828 943 888 potestatem,

134 891 248 943 barbari
263 891 384 940 animum
400 891 436 939 ad
446 886 610 939 honestiora
621 904 702 955 quam
713 890 819 940 tutiora
829 905 943 942 couver-

133 964 220 1009 terat:
241 957 430 1074 pudebatque,
449 955 589 1008 libertatis
603 958 693 1007 maius
707 971 770 1008 esse
781 957 854 1023 apud
864 957 943 1009 ismi-

134 1042 196 1088 nas,
215 1039 297 1092 quam
309 1039 363 1091 epu
392 1025 477 1084 viros,
492 1024 620 1089 pretium.
657 1023 698 1075 29.
718 1024 943 1092 ltaquedimisso

133 1093 306 1142 internuntio
317 1091 404 1158 pacis,
416 1091 592 1143 obsidionem
602 1091 677 1142 ferre
689 1091 862 1143 decreverat.
887 1091 944 1146 Sed

134 1174 218 1228 quum
237 1157 327 1210 bostis
346 1159 420 1209 vires
440 1174 561 1225 suasque
580 1166 720 1225 pensaret,
739 1159 944 1213 rursusmulie-

132 1229 192 1278 bris
204 1226 406 1293 consilii,quod
416 1242 551 1293 praeceps
560 1228 650 1294 magis
662 1243 743 1294 quam
754 1230 944 1280 necessarium

135 1308 198 1346 esse
210 1295 351 1356 credebat,
362 1297 509 1362 poenitere
520 1310 583 1346 eum
594 1296 696 1364 coepit.
732 1296 774 1346 3⁰.
785 1297 943 1349 Revocato-

133 1378 186 1432 que
206 1369 319 1414 stremre
340 1362 453 1424 Oxarte,
474 1363 598 1414 futurum
614 1378 645 1414 se
664 1364 693 1414 in
706 1365 783 1430 regis
798 1370 941 1431 potestate

133 1430 293 1496 respondit,
312 1445 396 1481 unum
410 1437 550 1496 precatus,
570 1445 606 1480 ne
621 1430 795 1482 voluntatem
810 1431 941 1484 etcousi-

132 1499 200 1549 lium
211 1497 307 1548 matris
318 1510 384 1547 suae
396 1497 537 1560 proderet,
545 1510 599 1562 quo
608 1495 720 1547 facilius
726 1498 810 1548 rania
819 1499 863 1549 illi
874 1513 941 1566 quo·

133 1579 187 1634 que
201 1566 408 1629 impetraretur.
444 1563 485 1613 31.
505 1562 694 1613 Praemissum
706 1563 795 1630 igitur
809 1564 942 1616 Oxartem

134 1647 196 1684 cum
207 1636 295 1681 matre
306 1628 460 1696 liberisque
472 1635 500 1681 et
512 1629 600 1679 totius
611 1631 789 1695 cognationis
801 1645 887 1699 grege
899 1647 942 1682 se-

153 1699 281 1760 uebatur,
303 1711 337 1747 ne
348 1702 496 1762 expectato
512 1693 622 1762 quidem
638 1695 704 1746 iidei
718 1700 846 1762 pignore,
866 1699 942 1764 quod

134 1717 255 1818 ilxartes
268 1764 443 1832 promiserat.
480 1762 521 1814 32.
533 1762 602 1824 Rex,
614 1763 707 1830 equite
718 1765 883 1830 praemisso,
894 1765 942 1832 qui

132 1835 238 1886 reverti
249 1848 299 1884 eos
309 1831 428 1892 iuberet,
450 1829 628 1896 opperirique
642 1832 829 1895 praesentiam
843 1831 941 1898 ipsius,

133 1901 309 1968 supervenit3
323 1906 351 1950 et
362 1898 483 1950 victimis
493 1898 639 1948 Minervae
650 1912 682 1948 ae
696 1896 839 1950 Victoriae
850 1901 954 1950 caesis*

131 1969 279 2037 imperium
291 1965 451 2034 Sysimithri
461 1966 594 2026 restituit,
601 1977 649 2032 spe
660 1965 773 2016 maioris
784 1967 869 2016 etiam
879 1980 942 2031 pro·

133 2037 243 2090 vinciae
255 2033 339 2096 faeta,
361 2035 385 2084 si
396 2050 457 2085 eum
468 2033 523 2084 fide
535 2034 684 2084 amicitiam
695 2033 783 2100 ipsius
794 2034 940 2084 coluisset.

133 2106 174 2158 38.
186 2104 266 2154 Duos
277 2102 319 2155 illi
331 2103 446 2153 iuvenes
455 2107 535 2168 patre
548 2101 675 2152 tradente
682 2137 690 2163 ,
703 2116 797 2154 secum
808 2101 941 2152 militatu-

133 2187 180 2224 ros
201 2169 393 2238 sequi.iussit.
429 2168 541 2219 Relicta
554 2168 655 2219 deinde
669 2167 809 2235 phalange
820 2168 856 2219 ad
867 2168 941 2220 subi-

134 2240 251 2308 gendos,
269 2238 315 2305 qui
336 2235 507 2298 deiecerant,
530 2251 590 2286 cum
606 2237 700 2303 equite
712 2235 860 2301 processit.
896 2235 938 2289 34.

133 2307 254 2358 Arduum
273 2312 302 2357 et
314 2304 477 2372 impeditum
492 2303 568 2354 saxis
581 2305 637 2353 iter
647 2303 735 2370 primo
748 2307 886 2370 utcunque
897 2309 939 2356 to·

133 2375 269 2426 leuabant.
305 2374 375 2425 Mox
392 2385 525 2452 equorum
541 2385 597 2420 non
607 2370 719 2437 ungulis
729 2371 812 2422 modo
824 2372 938 2434 attritis,

134 2441 186 2493 sed
206 2441 369 2508 corporibus
390 2447 474 2491 etiam
494 2436 630 2505 fatigatis,
650 2439 731 2506 sequi
743 2438 868 2557 pleriqpe
883 2453 941 2490 non

812 2520 941 2568 uorem,

134 2513 274 2577 poterant,
295 2514 324 2559 et
333 2508 424 2559 rarius
435 2505 552 2558 subinde
563 2519 662 2572 agmen
677 2505 773 2570 fiebat,
785 2523 810 2625 5p

132 2583 164 2628 ut
184 2575 245 2628 iere
260 2577 300 2638 iit,
321 2575 471 2626 immodico
487 2573 583 2625 labore
595 2573 732 2624 vincente.
768 2575 784 2627 8
802 2609 809 2622 .
827 2574 888 2624 Rex
899 2577 940 2624 ta·

132 2661 206 2708 men,
227 2643 345 2695 subinde
360 2657 447 2710 equos
462 2647 579 2702 mutans,
600 2641 661 2692 sine
675 2641 884 2693 intermissione
898 2638 940 2692 iu·

131 2713 245 2781 gieutes
267 2711 476 2786 insequebatur.
512 2707 630 2762 Nobiles
653 2709 781 2772 iuvenes,
811 2707 940 2762 comitari

207 419 303 480 ortari,
322 418 454 479 attidem,
475 417 633 484 quamvinr,
648 414 833 470 Macedonum
846 421 943 473 mallet
1032 453 1033 456 =
