2048 3034
340 265 489 318 LIBER
514 263 564 317 vl.
593 265 689 324 GAP.
717 267 742 318 6.
896 267 946 316 141

137 373 237 418 runtur
251 383 268 418 a
283 368 408 419 finitimis
424 368 617 436 satraparum
636 382 652 418 e
668 368 767 436 quibus
786 369 945 435 cognoscit,

136 436 256 488 Bessum
271 436 381 506 quidem
399 434 495 487 hostili
507 438 600 487 animo
612 449 759 488 occurrere
768 449 829 488 cum
840 437 946 488 exerei-

136 511 180 554 tur
200 504 558 567 ceterumsatiber·zanem,
573 517 656 570 quern
669 508 807 618 eampum
816 505 946 556 Ariorum
971 518 972 526 ¹

136 571 198 638 ipse
207 570 403 638 praefecisset,
415 571 555 625 defecisse
565 571 600 622 ub
612 586 655 622 eo.
692 571 733 620 21.
757 575 841 637 taque
852 586 945 640 quem-

139 653 220 704 quum
229 638 319 690 Besso
330 637 505 701 imminebat,
525 646 619 690 tamen
631 639 667 690 ad
677 637 886 690 Satibarzanen
898 654 946 710 cp-

136 707 310 774 primendum
320 708 462 774 praeverti
473 707 608 774 optimum
617 711 705 769 ratus,
724 705 816 756 levem
827 713 945 759 armatu-

136 781 235 826 ram-et
248 781 395 842 equestres
410 775 506 842 copias
521 774 625 836 educit,
644 779 761 840 totaque
779 781 863 824 noete
875 781 946 826 stre·

135 841 403 904 nuei'notoitinere,
422 843 591 908 improvisus
608 840 684 892 hosti
697 841 867 908 supervenit.
902 843 944 894 11.

136 909 222 961 Cuius
236 911 353 977 cognito
368 909 488 961 adventu
503 909 700 970 Satibarzanes
715 923 777 960 cum
787 906 812 958 11
823 907 945 960 millibus

135 975 943 1112 1111111Ἒᾶ1111111ἱὲ111153εέ

136 1117 211 1164 runt.
246 1111 289 1162 13.
300 1079 455 1182 Praerupta
464 1061 547 1181 ruffes
558 1120 611 1177 est,
622 1127 677 1181 qua
686 1117 797 1180 spectat
807 1111 943 1164 Occiden-

135 1185 206 1230 tem:
228 1179 337 1244 eadem,
359 1183 516 1250 quevergit
532 1181 730 1244 adorientem,
753 1181 862 1232 leniore
880 1179 944 1231 sub-

134 1245 223 1298 missa
231 1245 459 1316 fastigio‚multis
469 1250 616 1301 arboribus
628 1250 886 1318 obsitaperennenr
895 1245 943 1298 iru-

133 1312 184 1364 bet
199 1313 316 1378 iontem,
337 1331 372 1368 ex
389 1333 443 1384 quo
457 1317 554 1386 largae
565 1323 785 1385 aquaemanant.
821 1317 863 1368 24.
884 1315 944 1368 Gir-

134 1383 254 1435 cumitns
266 1385 326 1436 eius
337 1385 419 1436 XXX
429 1391 458 1438 et
467 1386 491 1436 ll
502 1386 594 1437 stadia
604 1383 824 1453 comprehendit.
843 1386 875 1436 ln
884 1399 944 1435 rer-

133 1450 190 1501 tice
210 1449 344 1504 herbidus
363 1467 486 1521 campus.
522 1454 553 1504 ln
563 1453 617 1504 hcc
627 1455 834 1506 multitudinem
847 1453 945 1505 imbel-

132 1517 189 1568 lem
200 1519 350 1571 considere
359 1521 468 1570 iubent:
487 1521 556 1585 ipsi,
568 1535 623 1586 qua
632 1535 716 1586 rupes
725 1527 803 1582 erut,·
813 1523 944 1572 arborum

133 1592 250 1636 truncos
271 1593 300 1637 et
321 1601 390 1637 saxa
409 1585 609 1638 obmoliuntun
643 1587 710 1637 Xlll
729 1587 819 1638 millia
838 1595 945 1638 armata

133 1658 223 1703 erant.
260 1653 302 1704 15,
321 1653 352 1702 ln
363 1652 461 1704 horum
473 1652 621 1705 obsidione
632 1656 749 1706 cratero
760 1655 872 1716 relicto,
883 1656 944 1720 ipse

133 1719 348 1772 Satibarzanem
363 1721 443 1789 sequi
456 1719 583 1772 festinat.
618 1721 655 1772 Et
670 1723 737 1788 qula
748 1721 862 1787 longius
883 1735 945 1772 eum

132 1787 236 1838 abesse
257 1795 442 1855 cognoverat,
462 1791 498 1840 ad
513 1788 714 1856 expugnandos
728 1802 790 1852 eos,
810 1789 857 1854 qui
869 1787 945 1838 edita

130 1855 270 1907 montium
286 1863 498 1922 occupaverant,
518 1857 601 1908 redit.
636 1857 679 1908 26.
698 1853 945 1924 Aoprimorepur-
1013 1901 1014 1904 ,

132 1991 284 2042 currebant
294 1992 386 2044 inviae
398 1999 494 2046 cautes
504 1998 727 2062 praeruptaeque
737 2005 834 2058 rupes,
845 1991 944 2042 irritus

131 2057 216 2110 labor
232 2059 389 2123 ridebatur,
402 2061 539 2112 obstante
556 2067 663 2113 natura.
699 2061 741 2112 27.
760 2060 821 2122 llle,
841 2063 873 2109 nt
884 2067 945 2110 eret

131 2127 220 2178 animi
241 2141 351 2194 semper
370 2129 541 2181 obluctantis
561 2129 783 2190 difficultatibus,
813 2139 896 2194 quum
915 2133 944 2178 et

130 2195 267 2263 progredi
278 2196 404 2259 arduum,
425 2205 454 2248 et
466 2198 570 2248 reverti
581 2198 771 2263 periculosum
782 2200 868 2256 esset,
882 2209 943 2245 rer·

131 2261 214 2313 sabat
225 2279 256 2314 se
266 2264 302 2314 ad
314 2279 411 2316 omnes
420 2266 618 2332 cogitationes,
625 2263 701 2318 allud
711 2268 795 2330 atque
806 2262 891 2325 alind,
903 2265 943 2314 ita

131 2336 163 2380 ut
178 2331 238 2382 lieri
255 2331 339 2394 solet,
359 2333 407 2384 ubi
420 2333 510 2400 prima
524 2347 650 2400 quaeque
667 2333 837 2394 damnemus,
858 2331 942 2383 subii-

132 2397 225 2450 ciente
244 2399 348 2452 animo.
384 2399 559 2462 Haesitunt'i,
580 2400 655 2467 quod
673 2399 747 2450 ratio
765 2413 821 2450 non
840 2400 941 2466 potuit,

129 2462 246 2524 fortuna
268 2468 418 2519 consilium
444 2469 673 2520 subministravit.
712 2465 942 2520 aureliensem

129 2530 273 2586 Favonius
284 2541 359 2598 erat,
379 2543 407 2588 et
415 2537 531 2589 multam
541 2537 686 2587 materiam
697 2536 842 2587 ceci-derat
850 2533 942 2596 miles,

130 2600 238 2654 aditum
257 2618 309 2669 per
326 2619 396 2655 ‘saxa
413 2605 538 2656 molitus.
575 2605 655 2656 llaec
668 2617 772 2670 vapore
782 2601 891 2654 torrida
901 2601 942 2652 in·

129 2675 249 2720 arserat.
285 2668 327 2720 11.
340 2671 417 2740 Ergo
429 2673 527 2742 adgeri
536 2672 607 2724 alias
619 2672 735 2724 arbores
745 2670 832 2733 iubet,
844 2676 873 2720 et
882 2669 943 2785 iqni

130 2734 192 2788 mn
208 2737 354 2790 elimenta:
375 2740 561 2808 celeriterque
576 2739 719 2809 stipitibus
734 2737 881 2790 cumulatis
913 2751 941 2786 e·

128 2804 247 2873 eligium
265 2807 371 2859 montis
392 2815 540 2877 aequatum
560 2816 613 2862 est.
648 2809 695 2862 30,
719 2809 799 2858 Tunc
819 2804 942 2872 undique

10 1937 12 1946 “
82 1974 87 1980 ,
132 1923 195 1990 gari
206 1923 293 1986 iubet,
314 1925 447 1994 quidquid
458 1925 569 1994 ingredi
580 1931 706 1991 poscente
728 1923 840 1985 deinde,
856 1929 888 1974 ut
898 1935 944 1974 oc·
1013 1965 1014 1970 ,

981 2895 1014 3003 d
