2048 3034
65 181 117 232 244
283 177 455 238 QUINTI
482 177 650 230 GUllTll

67 283 140 332 Tum
148 279 267 330 mamme
278 279 352 331 ¹rinei
361 281 453 346 ipsos,
465 279 583 345 dedique
593 277 693 329 alienis
703 278 829 330 moribus
839 285 867 329 et

67 348 204 400 externisr
223 351 318 398 tantae
328 363 423 398 morae
433 347 565 414 pretium,
584 345 682 398 domos
693 346 773 412 quasi
783 346 813 396 in
824 361 865 400 oa·

65 416 143 482 ptivo
162 413 259 464 babitu
279 429 453 466 reversuros.
489 413 599 464 Pudere
621 413 677 462 iam
695 414 740 463 sui
761 427 866 480 regem,

66 483 149 532 vietis
168 496 249 548 quem
267 483 421 534 viatoribus
440 481 613 541 similiorem,
633 495 669 532 ex
681 479 866 532 Macedoniae

65 552 235 615 imperatore
252 549 334 600 Darii
355 556 486 614 satrapen
503 547 637 598 laetum.“
673 548 712 598 11.
735 547 788 598 llle
811 563 867 599 nan

64 619 189 683 ignarus,
208 623 236 667 et
249 618 388 684 prinsipes
402 617 554 666 amicorum
568 621 597 665 et
609 615 761 666 exercitum
776 616 866 682 gravi·

63 693 108 735 ter
118 683 233 748 offendi,
244 685 363 771 gratiam
373 684 542 735 liberalitate
554 683 689 748 donisque
699 696 866 749 recuperare

63 753 198 803 tentabat.
236 752 300 815 bed,
312 755 424 818 opinor,
435 752 532 804 liberis
542 753 662 817 pretium
672 751 816 802 servitutis
828 751 866 800 in·

64 825 173 886 gratum
184 825 235 870 est
271 821 311 870 12.
329 821 418 886 lgitur
428 834 462 871 ne
472 820 500 869 in
511 819 678 870 seditionem
687 832 733 869 res
744 824 867 868 vertere·

64 893 119 948 tur,
140 887 227 938 otium
236 887 468 952 interpellandum
480 892 541 937 erat
550 886 638 949 bello;
660 886 738 937 euius
749 885 868 936 materia

65 961 221 1022 opportune
231 955 366 1006 alebatur.
404 955 444 1005 l&
463 953 587 1020 Namque
598 953 711 1014 Bessus,
732 959 811 1003 veste
826 967 868 1003 re·

65 1023 112 1090 gia
121 1023 394 1083 sumtarlrtaxerxen
405 1021 540 1088 appellari
548 1036 580 1071 se
589 1021 723 1084 iusserat3
735 1018 868 1088 Scythas-

83 1104 119 1142 ue
140 1095 168 1141 et
187 1095 298 1140 eeteros
313 1089 416 1138 Tanais
435 1088 546 1140 accolas
561 1085 751 1139 contrahebat.
788 1089 869 1138 Haeo

65 1105 263 1209 gatibamenes
284 1155 442 1206 nuntiabat:
463 1170 552 1220 quem,
572 1163 715 1222 receptum
730 1155 761 1205 in
775 1155 869 1218 fidem,

64 1223 185 1290 regioni,
206 1238 287 1288 quam
303 1228 386 1273 antee
406 1221 572 1283 obtinuerat,
591 1221 736 1288 praefecit.
773 1223 814 1274 ld.
833 1222 871 1273 Et

66 1306 149 1357 quum
160 1303 244 1355 grave
256 1289 355 1356 spoliis
366 1295 554 1356 apparatuque
565 1289 695 1341 luxuriae
706 1305 807 1357 agruen
822 1291 870 1341 vix

64 1361 236 1420 moreretur3
247 1372 311 1407 suas
323 1357 553 1424 primum,deinde
561 1357 650 1408 tutius
661 1359 802 1410 exercitus
811 1373 870 1410 sar-

65 1426 156 1485 cinas,
167 1425 292 1492 exeeptis
303 1425 450 1476 admodum
460 1427 639 1485 necessariis,
653 1424 775 1476 conferri
786 1426 872 1478 iussit

64 1493 94 1542 in
102 1492 233 1542 medium.
270 1493 310 1543 15.
331 1491 465 1544 Planities
476 1494 602 1560 spatiosa
610 1501 680 1556 erat,
690 1493 720 1543 in
731 1508 813 1560 quam
823 1508 869 1544 ve·

64 1558 159 1610 hicule
169 1568 268 1611 onusta
277 1560 472 1626 perduxerant.
508 1561 740 1628 [inspectantibus
750 1561 869 1626 eunetis,

66 1627 133 1696 quid
143 1627 244 1680 deinde
255 1635 332 1680 esset
340 1631 538 1696 imperaturam
556 1629 683 1679 iumenta
691 1629 773 1680 iussit
783 1629 869 1680 abdu-

66 1696 104 1758 oi;
123 1697 236 1763 suisque
247 1699 363 1764 primum
375 1698 491 1748 saroinis
503 1695 568 1748 {aee
578 1696 697 1758 subdita,
709 1702 818 1748 ceteras
828 1698 870 1748 in-

66 1763 149 1814 eeadi
162 1767 313 1831 praecepit.
350 1765 390 1816 ld.
409 1765 580 1832 Plagrabant
590 1764 769 1815 exurentibus
781 1764 870 1816 domi-

64 1831 118 1894 nis,
138 1847 209 1898 quae
229 1839 260 1883 ut
277 1833 383 1886 intaeta
403 1847 437 1884 ex
457 1833 571 1884 urbibus
591 1830 713 1882 hostium
728 1838 868 1898 raperent,

66 1913 150 1968 saepe
170 1899 294 1950 flammas
316 1901 514 1964 restinxerunt,
546 1899 622 1950 nullo
643 1901 787 1966 sanguinis
808 1914 869 1966 pre-

65 1967 133 2018 tium
148 1967 268 2018 audente
286 1967 399 2029 deflere,
420 1982 502 2032 quum
517 1969 610 2034 regias
624 1981 692 2033 opes
706 1968 780 2018 idem
795 1967 871 2036 ignis

65 2041 204 2087 exureret.
242 2033 281 2084 1⁷.
301 2035 399 2084 Brevis
416 2033 517 2084 deinde
535 2037 625 2086 oratio
640 2035 779 2102 mitigault
790 2035 871 2087 dolo-

63 2115 137 2164 rem3
156 2101 318 2166 habilesque
329 2100 455 2161 militiae,
475 2101 549 2154 etati
561 2102 762 2168 omniaparati,
781 2102 869 2154 lueta-

63 2166 173 2231 bentur‚
182 2169 354 2220 sarcinarum
366 2167 468 2234 potius,
480 2183 560 2234 quam
572 2169 746 2236 disoiplinae,
761 2167 871 2222 ‘feoiue

63 2235 209 2286 iacturam.
256 2235 295 2284 18.
324 2235 412 2303 lgitur
431 2235 606 2288 bactrianam
627 2237 773 2304 regionem
792 2245 871 2304 pete-

63 2300 140 2352 bant
167 2302 223 2354 Sed
234 2301 366 2366 Nioenor,
378 2303 571 2355 Parmenionis
581 2305 664 2366 lilius,
676 2305 769 2356 subita
777 2312 871 2358 morte

64 2375 219 2435 correptus,
238 2385 339 2439 magno
360 2371 502 2424 desiderio
523 2372 568 2423 sui
587 2371 721 2423 allecem
741 2383 870 2426 sanetus.
929 2403 936 2420 .

66 2434 105 2486 19.
126 2436 185 2488 Rex
196 2444 259 2488 eunte
271 2454 367 2491 omnes
379 2447 516 2506 moestus,
537 2441 668 2506 eripiebat
681 2440 793 2506 quidem
804 2441 870 2492 sub·

65 2503 166 2556 sistere
182 2503 271 2556 funeri
287 2507 445 2568 adiuturusr
463 2508 517 2558 sed
536 2508 652 2574 penum
665 2515 872 2560 commeatuum

63 2569 198 2624 denarrare
219 2575 348 2642 cogebat.
384 2577 479 2694 ltarppe
492 2573 619 2626 Plrilates
634 2590 695 2625 cum
710 2576 734 2626 ll
745 2575 869 2627 millibus

64 2644 93 2688 et
104 2639 152 2690 DC
162 2641 289 2705 relictas,
310 2649 340 2694 ut
348 2645 423 2694 iusta
461 2643 515 2715 utri
525 2643 712 2710 persolverem
730 2643 794 2710 ipae
805 2657 870 2694 oen-

63 2706 154 2759 tendit
171 2709 206 2760 ad
217 2709 343 2762 Bssutm.
380 2714 421 2762 aa.
440 2711 497 2761 lter
512 2709 626 2762 facienti
641 2711 742 2762 literae
757 2711 786 2762 ei
802 2707 871 2762 'affe-
