2048 3034
330 211 480 265 LIBER
507 213 553 266 IV.
585 215 679 266 CAP.
709 214 749 265 15.
902 213 948 262 las

141 315 246 378 nuntio,
257 314 356 384 inquit,
370 313 553 379 Parmenioni,
567 315 591 368 si
600 315 657 368 acie
666 315 814 378 vicerimus,
835 330 890 366 non
901 331 948 366 no·

139 390 199 435 stro
209 384 293 434 solum
303 399 350 434 nos
360 393 577 451 recuperaturos,
594 383 641 436 red
650 383 739 446 etium,
754 400 822 451 quoe
831 381 948 434 hostium

104 491 108 499 .
141 458 213 514 runt,
225 459 410 516 occupaturos.
439 451 464 502 8.
478 450 598 504 Proinde
607 466 662 502 non
673 457 710 500 est
722 452 793 517 quod
804 450 948 518 quidquem

142 517 240 570 uirium
249 517 420 571 subducatur
430 519 506 582 acies
522 520 575 582 sed,
595 526 677 570 utme
692 517 800 569 etPlsili
814 535 851 585 po
865 526 948 585 patre

143 585 253 666 dignum
265 594 311 649 eet,
323 594 474 654 contempto
484 587 654 638 sarcinarum
665 585 771 646 domno,
801 585 897 636 ortiter
908 585 947 636 di·

142 661 230 705 nucet.
251 654 276 706 9.
292 654 406 706 Interim
416 655 535 706 Barbari
544 655 744 721 impedimenta
754 653 947 714 turbaveraut3

142 723 289 790 caesisque
307 722 449 789 plerisque
466 723 622 784 custodum,
643 720 755 786 captivi,
775 720 893 771 vinculis
904 737 948 772 ru·

141 791 206 855 ptis,
224 789 360 857 quidquid
371 790 482 840 obvium
494 796 562 851 erat,
583 804 638 856 quo
649 789 750 838 armari
760 793 886 854 possent,
907 803 949 839 ar·

140 857 258 924 ripiunt:
280 865 310 908 et
320 857 466 924 aggregati
478 872 591 908 suorum
603 855 753 922 equitibus,
768 855 949 916 Macedonas,

141 926 258 990 ancipiti
269 927 473 975 circumventos
483 924 566 985 malo,
577 924 723 986 invadunt;
759 925 800 973 1⁰.
816 923 948 990 laetique,

141 991 278 1059 quicirca
288 989 474 1059 Sysigambim
487 997 574 1054 eran't,
586 991 688 1044 vicisse
698 990 823 1052 Darium,
842 993 951 1058 ingenti

141 1059 230 1110 caede
240 1065 398 1125 prostratos
410 1057 515 1122 hostes,
539 1059 574 1110 ad
592 1060 718 1112 ultimum
739 1061 823 1110 ctiam
834 1059 951 1125 impedi·

140 1123 245 1177 meinis
264 1134 365 1177 exutos
377 1141 448 1189 esse,
459 1128 598 1178 mundant:
618 1127 719 1194 quippe
734 1127 850 1178 eandem
861 1126 949 1178 iortu·

140 1209 206 1245 nam
225 1193 328 1260 ubique
349 1209 412 1246 esse
431 1196 590 1259 credebant,
610 1202 640 1246 et
657 1197 779 1247 victores
794 1195 896 1248 Persas
914 1196 951 1247 ad

139 1262 275 1329 praedam
292 1262 466 1314 discurrisse.
506 1264 544 1315 ll.
564 1262 748 1331 Sysigambis,
771 1262 948 1315 hortantibus

139 1331 270 1397 captivis,
292 1336 323 1380 ut
334 1332 452 1382 animmu
463 1347 480 1381 a
489 1345 619 1384 moerore
633 1333 776 1394 allevaret,
797 1335 825 1382 in
837 1333 946 1394 eodem,

139 1413 196 1465 quo
217 1403 301 1449 antea
320 1397 383 1462 fuit,
397 1400 598 1466 perseveravit.
613 1427 615 1431 ·
635 1399 698 1450 Non
709 1400 949 1452 voxullaeacidit

136 1467 180 1517 ei:
202 1481 258 1516 non
278 1467 336 1517 oris
357 1467 436 1519 color
454 1468 583 1519 vultusve
596 1473 717 1518 mutatus
738 1475 793 1518 est:
813 1469 864 1519 sed
874 1468 949 1520 sedit

138 1533 303 1596 immobilis,
324 1535 409 1586 credo
433 1550 570 1601 praecoce
582 1535 685 1602 gaudio
697 1536 787 1586 verita
805 1533 948 1587 fortunam

137 1602 267 1672 irritare3
279 1601 350 1652 adeo
364 1608 403 1662 ut,
415 1602 482 1668 quid
491 1602 597 1665 mallet,
605 1603 778 1653 intuentibus
791 1617 851 1654 eam
862 1603 949 1656 luerit

137 1671 287 1720 incertum.
324 1669 365 1720 12.
383 1668 459 1719 luter
469 1667 539 1720 haec
549 1669 686 1731 Menidas,
701 1669 861 1734 praefectus
872 1672 949 1736 equi·

139 1745 199 1788 tum
210 1736 371 1798 Alexandri,
391 1751 453 1786 cum
464 1738 560 1802 paucis
570 1736 669 1786 turmis
679 1750 760 1803 opem
770 1736 949 1801 impedimen-

138 1807 178 1856 tis
189 1805 296 1856 laturus
311 1803 473 1865 advenerat,
493 1805 640 1864 incertum,
660 1817 748 1853 suone
764 1802 895 1866 consilio,
916 1821 951 1856 an

138 1873 218 1940 regis
231 1872 362 1940 imperim
384 1871 434 1922 sed
452 1885 507 1923 non
528 1871 661 1922 sustinuit
670 1870 869 1921 Caucasiorum
883 1869 950 1938 Scy-

139 1939 307 2009 thorumque
318 1941 465 2008 impetum:
486 1939 588 2008 quippe
610 1940 655 1990 vix
674 1943 784 1990 tentato
799 1940 950 1990 certamine

139 2007 408 2077 reiugitadregcm,
422 2009 587 2060 amissorum
597 2006 858 2074 impedimentorum
868 2009 950 2058 testis

139 2077 243 2144 magis,
262 2091 344 2144 quam
364 2077 474 2129 vindex.
511 2077 553 2128 13.
572 2075 630 2128 lam
641 2074 790 2127 consilium
800 2074 951 2128 Alexandri

137 2145 250 2196 vicerat
260 2144 354 2197 dolor:
374 2150 413 2212 et,
433 2160 467 2196 ue
480 2160 546 2196 cura
561 2143 746 2211 recuperandi
765 2157 816 2192 sua
835 2141 950 2194 militem

138 2212 278 2280 aproelio
299 2219 449 2275 averteret,
470 2229 525 2263 non
544 2213 683 2263 inumerito
704 2211 861 2261 verebatur.
895 2211 950 2261 lta-

139 2295 196 2348 que
206 2281 328 2342 Aretem‚
340 2281 439 2331 ducem
452 2279 634 2341 hastatorum,
656 2276 881 2344 (sarissophoros
900 2293 948 2330 vo-

140 2348 266 2411 cabant)
286 2348 420 2400 adversus
440 2346 560 2414 Scythas
579 2349 674 2398 mittit.
721 2346 760 2395 14.
785 2346 860 2414 luter
879 2344 967 2401 hacc.

139 2431 251 2479 currus,
271 2418 319 2484 qui
329 2417 405 2468 circa
414 2417 504 2482 prima
514 2416 594 2483 signa
604 2415 784 2465 turbaverant
800 2415 898 2476 aciem,
920 2415 948 2465 in

139 2481 310 2552 phalangem
326 2484 431 2534 invecti
450 2491 539 2534 erant.
575 2482 756 2544 Macedones,
776 2483 948 2548 confirmatis

140 2553 253 2614 animis,
274 2552 304 2602 in
313 2550 435 2603 medium
456 2565 555 2618 agmen
574 2550 722 2615 accipiunt.
759 2551 798 2602 15.
819 2550 901 2602 Vallo
911 2549 948 2598 si-

139 2619 217 2672 milis
231 2619 307 2670 acies
318 2625 390 2670 erat:
409 2621 559 2670 iunxerant
569 2617 673 2679 hastas,
693 2623 722 2669 et
731 2617 766 2668 ab
776 2624 897 2682 utroque
908 2613 948 2664 la-

137 2697 202 2740 tere
213 2693 319 2738 temere
330 2688 530 2738 incurrentium
541 2687 591 2736 ilia
611 2684 808 2737 suffodiebant.
826 2683 948 2752 Circum·

138 2759 183 2808 ire
204 2756 306 2808 deinde
335 2769 442 2819 carrus,
473 2762 502 2806 et
519 2760 742 2822 propugnatores
762 2751 949 2822 praecipitare
