2082 3042
167 193 216 244 268
383 188 554 250 QUINTI
581 187 749 241 cunuti

167 291 207 344 Ad
228 289 281 341 hoc
302 291 445 352 recedere,
485 290 549 352 uod,
571 305 653 356 quum
673 288 856 356 Antiphanes,
877 290 974 341 scriba

168 359 299 426 equitum,
318 359 454 426 Amyntae
467 308 666 410 qusnuntiasset
681 357 769 424 pridie
783 371 864 423 quarn
874 354 974 409 Philo·

166 432 213 478 tue
224 426 316 477 scelus
327 424 526 492 deprehensum
538 431 626 486 esset,
645 433 676 476 ut
689 439 725 475 ex
734 425 791 475 suis
802 423 881 490 equis
891 439 975 477 nrore
1022 435 1023 490 l

168 493 254 546 solito
265 493 344 544 duret
353 495 398 556 iis,
408 493 454 561 qui
466 493 625 543 amisissent
635 507 714 554 snos,
726 491 844 557 superbe
854 505 974 558 respon-

168 561 265 624 disset,
285 559 338 612 nisi
351 563 463 627 incepto
479 558 641 621 desisteret,
660 560 740 610 brevi
756 559 890 609 sciturum
908 561 972 628 quis

166 629 227 694 ipse
244 634 329 679 esset.
366 627 405 679 lt.
425 627 482 678 lam
504 627 616 694 linguae
635 626 806 687 violentiam,
827 629 972 678 temerita-

165 702 277 762 temque
288 695 448 756 verborum,
461 710 531 762 quae
542 697 570 745 in
581 694 758 761 semetipsum
769 694 970 755 incuterentur,

166 761 236 814 nihil
247 762 323 813 eliud
337 777 414 825 esse,
435 778 515 830 quum
530 762 643 813 scelesti
656 761 740 812 animi
750 760 871 811 indicem
887 768 969 812 aete·

166 837 247 881 stem.
283 829 361 891 Quae
372 830 396 880 si
407 845 474 881 vera
483 837 585 890 essent,
597 829 670 880 idem
680 829 814 879 meruisse
827 829 969 896 eos,quod

166 896 322 961 Philotam3
344 897 367 947 si
377 897 459 958 falsa,
478 899 522 948 exi
545 912 591 947 ere
604 897 693 963 ipsum
706 902 737 946 ut
750 895 892 946 refellant.
930 898 967 945 17.

167 963 324 1016 Productus
336 964 436 1015 deinde
445 965 508 1015 Anti
525 913 623 1025 iones,
646 965 680 1016 de
693 965 771 1030 equis
784 979 840 1014 non
857 962 967 1013 traditis
1024 957 1025 1024 l

167 1040 195 1083 et
207 1032 324 1083 adiectis
335 1032 418 1082 etiem
428 982 548 1099 superio
561 1033 642 1082 minis
657 1030 770 1082 indicat.
808 1031 849 1082 18.
868 1031 967 1097 Amyn-
1025 1039 1026 1084 l

110 1136 112 1151 .
166 1105 221 1159 tas,
231 1099 306 1150 laete
316 1099 428 1150 dicendi
438 1106 588 1164 potestate,
608 1098 639 1149 Si
647 1098 722 1159 nillil,
742 1098 841 1164 inquit,
856 1096 970 1150 intereat

166 1165 375 1233 regustatum,
396 1166 458 1216 dum
467 1165 535 1227 dieo,
555 1165 664 1218 uinculis
680 1164 796 1217 liberen'
820 1165 882 1218 Rex
898 1165 968 1216 solri

165 1240 312 1299 utrumque
322 1232 414 1284 iubet:
426 1230 650 1300 desiderantique
659 1235 804 1300 Amyntae,
816 1231 967 1314 ut⁸hubitus
1026 1279 1027 1284 ,

167 1314 222 1416 ii.⁰
244 1298 967 1434 “ti‘llttlttititirnlttititl²i0¹ls5t

167 1446 221 1498 quo
231 1433 381 1486 Alexandri
400 1449 502 1500 corpus
515 1435 609 1503 paullo
625 1441 689 1487 ente
702 1437 839 1496 iacuerat,
862 1433 966 1499 Qualia·

166 1514 277 1568 tuaque,
287 1503 386 1581 inquit,
398 1501 484 1554 exitur
493 1518 541 1554 nae
552 1512 649 1564 maaet,
661 1519 721 1567 rea,
732 1500 965 1583 eonfitemur-,pra-

165 1582 270 1634 rperum
281 1567 329 1620 tiit
339 1569 480 1631 debiturus,
487 1569 770 1640 muliaremfartunae
777 1579 965 1650 amputaturos.

166 1637 209 1686 2⁰.
227 1636 290 1688 Sine
305 1637 470 1704 praeiudicio
487 1637 597 1690 dicimur
611 1654 728 1702 caueant,
746 1637 835 1689 iiiam
846 1638 966 1706 carpari-
1027 1659 1028 1666 ³

168 1701 215 1754 lut
225 1703 378 1771 animisque.
415 1705 545 1758 Habitum
555 1703 644 1770 etiam,
655 1705 683 1757 in
694 1721 745 1773 quo
756 1713 782 1757 te
792 1705 920 1757 cantitari
926 1722 967 1757 ea-

166 1771 257 1835 lemur,
276 1773 422 1826 reddidisti.
460 1773 574 1826 Carreum
592 1789 647 1824 non
660 1788 808 1840 poseamus,
820 1773 969 1842 fortunam

166 1838 261 1893 timere
279 1840 431 1894 desinemus.
466 1844 507 1892 ul.
531 1840 570 1893 Te
589 1856 695 1909 quaero,
710 1839 853 1908 permittar
866 1840 971 1893 miluiid

165 1906 281 2024 &rimam
301 1908 450 1978 defendere,
471 1909 576 1977 quoda
596 1917 622 1960 te
640 1907 761 1960 altimum
775 1907 907 1960 adiectum
921 1917 967 1960 est.
1014 1959 1020 1972 ,

195 1990 233 2038 ω,
252 1991 309 2038 rea,
328 1976 456 2028 sermonis
476 1977 600 2028 adversar
617 1975 781 2027 maiestatem
794 1983 870 2027 tuam
883 1974 971 2028 lraiiti

167 2042 262 2093 nullius
277 2043 377 2093 rameii
389 2059 477 2094 aumas
490 2043 574 2094 nolis.
610 2042 744 2107 Dicerem,
763 2043 923 2123 iampridem
932 2043 969 2094 ni-

167 2108 232 2160 cieee
242 2117 269 2160 te
276 2107 412 2170 invidiam,
433 2109 638 2176 niriperieulum
648 2119 723 2174 esset,
743 2127 775 2163 ne
784 2112 840 2163 alra
852 2112 970 2180 maligne

166 2175 239 2228 dieta
249 2175 368 2227 crederes
379 2175 475 2226 blanda
486 2177 607 2230 oratione
619 2194 674 2246 pur
694 2178 746 2230 ari.
781 2181 822 2230 22.
845 2180 969 2231 Ceterum

167 2242 273 2294 etiamsi
281 2241 372 2294 militie
383 2243 424 2294 tai
431 2245 472 2295 rel
480 2243 508 2296 in
518 2245 626 2313 agmine
640 2195 786 2315 desidentis
801 2254 829 2298 et
834 2245 967 2316 fatigati,

166 2311 208 2358 vel
214 2309 243 2359 in
253 2309 311 2360 arie
317 2309 506 2377 periclitantis,
516 2314 558 2364 nel
563 2312 592 2364 in
603 2313 774 2366 tabernaculo
787 2313 868 2382 aegri
876 2323 902 2366 et
913 2315 967 2365 oul-

165 2389 232 2427 nera
251 2376 380 2442 tarentin
399 2378 556 2448 aliquanao
567 2380 687 2447 asperior
700 2389 896 2448 essetnecepta,
918 2397 970 2432 me-

166 2457 304 2494 rueramus
312 2444 436 2516 sortiiue
442 2445 540 2527 sarde,
562 2457 591 2499 ui
606 2449 695 2500 mallee
708 2465 740 2500 ea
751 2448 866 2530 tempori
874 2457 968 2502 norim

166 2511 307 2578 imputare,
318 2530 396 2581 qaam
407 2531 504 2566 anemo.
523 2517 563 2566 23.
576 2515 663 2580 Quum
674 2516 739 2584 quid
747 2516 848 2568 aemil
856 2515 971 2578 tristius,

167 2595 254 2630 amnes
264 2579 305 2630 rei
317 2591 394 2633 eunt.-
414 2583 570 2650 corporibus
589 2583 695 2646 naemu,
716 2584 896 2652 querulique
916 2599 972 2635 nan

166 2645 276 2707 adimas,
287 2647 400 2716 infestae
410 2650 578 2702 adrrroeemue
588 2665 695 2702 manue.-
710 2659 837 2718 parentes
847 2650 940 2703 liberis
948 2667 973 2702 m

166 2722 318 2776 accurrant,
336 2724 362 2768 el
370 2717 477 2785 ingrati
485 2727 512 2768 et
520 2717 600 2769 innisi
607 2727 676 2768 eunt.
716 2717 818 2772 Contra
830 2735 913 2786 quam
924 2719 966 2770 de
