2098 3040
114 138 164 192 868
330 138 503 199 QUINTI
531 141 696 192 CURTII

108 237 218 319 '[cipis]‚
240 238 287 306 qui
304 246 378 290 marn
397 240 608 307 magnitudinem
628 243 719 295 nouit?
755 247 795 295 12.
815 245 921 298 Horret

20 324 27 332 ·
115 321 219 358 animus
239 306 406 385 cogitatione
424 307 478 370 rei,
508 325 587 375 quom
602 313 693 378 pauido
714 321 776 362 aute
796 312 918 364 uidimus.

114 372 216 440 Eloqui
227 380 316 436 tumeo,
335 372 430 426 inuicti
444 376 564 454 corporis
577 376 666 444 spoliis
676 378 852 431 inertissimos
862 397 918 432 rna-

113 456 161 491 nus
167 439 254 508 fidisse
263 439 421 504 iniecturos,
441 441 493 494 niso
506 451 532 493 te
539 442 716 512 interceptum
727 445 879 499 misericors
889 448 919 500 iu

113 523 161 558 nos
171 506 292 576 fortuna
309 517 446 561 seruasset.
486 507 608 562 Totidem
621 513 786 579 proditores,
807 514 919 569 totidem

113 574 259 626 desertores
269 591 370 638 sumus,
389 583 457 656 quot
465 585 490 628 te
501 593 555 628 non
560 579 697 645 potuimus
705 581 839 650 persequi.
876 586 917 636 13.

117 637 258 693 Universos
268 641 453 695 licetmibtesi
493 643 593 696 ominis
606 655 680 699 notes
686 665 698 710 ;
720 665 796 700 nemo
809 666 917 703 recusa-

114 709 152 758 bit
161 710 232 760 luere
242 708 277 772 id,
299 711 370 777 quod
379 726 437 762 neo
457 711 586 774 mitteret,
602 723 745 780 praestare
755 734 809 768 uon
817 719 916 784 potuit.

112 775 211 827 Patere
220 793 278 840 uos,
290 793 395 844 quaeso,
407 778 459 830 olio
470 780 548 832 modo
559 796 613 832 esse
622 781 684 833 uites
695 783 752 834 tibi.
790 787 831 834 14.
844 785 918 849 Quo·

113 859 215 910 cunque
235 843 352 908 iusseris,
371 844 475 897 ibimus.
513 845 635 900 Obscura
655 849 721 901 belia
741 859 769 902 et
784 851 918 920 ignobiles

106 925 216 978 pugnas
234 911 311 963 nobis
331 911 501 980 deposcimus.
538 912 716 984 Temctipsum
735 917 773 970 ad
790 935 822 970 ea
840 936 920 973 serva

113 976 274 1047 [pericula],
295 994 363 1047 quae
377 980 588 1048 magnitudinem
602 991 676 1035 tecam
698 985 820 1054 copiunt,
856 987 918 1040 etro

108 1045 201 1112 gloria
212 1046 352 1098 obsolescit
359 1046 389 1098 iu
397 1047 512 1100 sordidis
522 1049 656 1103 hostibus:
666 1069 714 1105 uec
725 1053 917 1122 quidquomin·

110 1111 217 1180 dignius
228 1121 281 1176 cst,
294 1130 374 1230 poam
383 1115 504 1167 consumi
512 1133 578 1181 eam,
590 1119 638 1170 abi
645 1136 700 1172 non
706 1121 795 1188 possit
805 1123 918 1174 ostendi.

111 1179 151 1230 15.
171 1181 275 1231 Eadem
308 1196 355 1232 ere
376 1181 571 1248 Ptolemaeus,
591 1191 620 1238 et
639 1189 742 1240 similia
761 1191 917 1242 iis-aeteri.

110 1249 222 1314 lamque
234 1246 358 1299 confusis
369 1251 485 1301 vocibus
495 1250 594 1304 flentes
605 1269 667 1306 eum
681 1256 806 1320 orabant,
817 1264 849 1308 ut
858 1264 920 1310 tan-

110 1313 172 1363 dem
184 1315 339 1365 exsatiatas
349 1315 426 1367 laudi
435 1317 547 1369 modum
558 1319 679 1386 faceret,
697 1339 730 1375 ao
744 1324 830 1376 saluti
840 1341 920 1390 suae,

109 1381 138 1430 id
151 1386 195 1430 est
205 1380 343 1446 publicae,
355 1391 492 1448 paloeret.
530 1388 569 1439 lb.
586 1389 674 1442 Grato
684 1398 746 1442 erat
755 1393 816 1460 regi
826 1393 920 1460 pietas

110 1449 271 1500 amicorum.
307 1449 404 1517 ltaque
428 1452 556 1520 singulos
580 1455 747 1510 familiarius
772 1461 919 1526 amplexus

110 1515 258 1566 considere
277 1516 364 1569 iubet.
401 1519 442 1571 l'i.
467 1521 613 1590 Altiusque
635 1541 764 1578 somnone
783 1530 919 1596 repetito,

114 1581 195 1634 Vobis
217 1582 329 1651 quidem,
350 1585 449 1654 inquit,
465 1603 486 1640 o
499 1588 631 1657 fidissimi
637 1593 803 1663 piissimique
818 1594 917 1650 civium

108 1657 190 1718 atque
199 1651 359 1717 amicorum,
377 1662 472 1734 grates
481 1671 536 1724 ago
547 1657 696 1728 iubeoque,
718 1679 773 1714 non
785 1664 872 1716 solum
885 1681 917 1716 eo

108 1717 228 1782 nomine,
241 1722 313 1788 quod
320 1721 398 1772 bodie
407 1723 519 1776 salutem
529 1741 614 1778 meam
625 1737 728 1782 vestroe
737 1730 917 1799 praeponitis,

106 1785 155 1838 sed
163 1787 236 1855 quod
244 1804 261 1839 a
266 1788 423 1854 primordiis
434 1789 496 1842 belii
508 1795 610 1846 nultum
624 1813 692 1864 erga
705 1814 746 1849 me
762 1797 917 1851 beneuolen-

107 1851 163 1905 tiae
168 1853 270 1934 piguus
280 1863 359 1923 atque
368 1855 495 1910 indiciam
507 1861 646 1914 ambitis.-
665 1865 731 1917 adeo
742 1875 775 1918 ut
783 1865 916 1936 coufiten-

107 1920 169 1973 dam
178 1930 227 1985 sst,
238 1939 373 1990 uunquam
384 1923 453 1976 mibi
460 1925 543 1979 uitam
553 1930 733 2001 meamfuisse
744 1943 799 1985 tom
810 1949 915 2000 caram,

108 2004 187 2054 quam
196 2004 252 2041 esse
260 1988 355 2057 coepit,
365 1999 398 2042 ut
405 1992 479 2044 oobis
488 1994 725 2078 diufruipossim„
736 2001 776 2051 18.
789 2001 916 2056 Ceterum

107 2071 161 2107 nou
171 2056 262 2108 eadem
272 2065 313 2108 est
322 2073 352 2109 co
379 2057 453 2111 ‘tatio
463 2077 563 2126 eorum,
572 2080 675 2133 quopro
685 2069 914 2138 memorioptant,

107 2131 135 2173 et
142 2139 215 2175 meo:
231 2122 338 2193 quiqui
355 2141 395 2178 em
404 2125 476 2180 banc
487 2130 695 2186 benevolentiam
704 2145 819 2189 uernam
829 2136 915 2190 virtu·

107 2197 132 2240 te
143 2191 269 2244 meruisse
278 2208 319 2245 me
328 2191 426 2246 iudico.
468 2195 521 2248 Vos
535 2198 604 2252 enim
619 2201 774 2256 diuturnum
784 2207 915 2274 procum

107 2273 140 2308 eu
160 2273 208 2320 me,
223 2258 350 2328 forsitan
369 2261 450 2314 etiam
465 2275 633 2344 perpetuum,
633 2270 791 2389 dpercipere
801 2271 915 2342 cupitis:

107 2339 157 2390 ego
169 2339 210 2376 me
219 2327 316 2380 metior
326 2346 380 2383 nou
390 2339 489 2386 aetatu
498 2335 596 2402 spatio,
605 2353 632 2388 se
680 2339 775 2392 ionae.
813 2343 854 2394 19.
865 2340 915 2392 Li-

107 2389 170 2453 cuit,
187 2395 311 2460 paternis
322 2397 414 2465 opibus
427 2408 560 2465 contento,
579 2403 655 2457 iutra
696 2407 842 2460 aaedoniae
858 2417 913 2460 ter·

106 2456 383 2527 miuosperotiumco
419 2467 845 2537 oris'esspeetareobseurameti
885 2494 914 2528 o-

107 2524 182 2578 biiem
191 2538 360 2583 senectutem.
417 2551 559 2604 numquam
568 2557 601 2592 ne
606 2540 686 2610 pigri
694 2543 797 2611 quidem
807 2543 914 2616 sibsfa-

106 2600 134 2642 ta
145 2594 301 2661 disponunt.-
320 2599 367 2651 sed
373 2601 480 2654 unicum
492 2605 588 2658 bonum
604 2609 758 2663 diuturnam
770 2611 853 2664 oitam
867 2628 915 2664 ae-

106 2657 242 2713 stimantes
252 2679 329 2732 saepe
339 2668 437 2720 acerba
446 2687 518 2724 mors
528 2685 650 2743 occupat.
684 2677 782 2731 Verum
792 2695 852 2748 ego,
865 2678 915 2749 qui
