2054 3030
150 145 186 196 db
340 141 474 206 lOANN.
493 141 767 198 FREINSHEMll

152 250 336 296 commeatum
348 245 545 309 impetraturos
557 244 630 294 iesse.
667 243 708 292 28.
727 242 853 293 Ducibus
868 243 966 295 iniun-

151 318 226 362 ctum
237 317 288 372 est,
300 316 331 361 ut
340 311 459 372 interim,
476 312 538 362 dum
549 312 578 361 in
590 311 758 361 Macedonia
767 319 961 374 morarentur,

152 385 265 430 strenue
279 378 405 430 delectus
420 386 547 446 agerent;
566 384 737 445 quantasque
747 379 883 430 maximas
895 395 963 445 pos-

151 453 215 497 sent
228 445 352 514 equitum
370 447 547 513 peditumque
559 446 669 511 copias,
689 461 750 495 cum
763 446 809 507 iis,
831 445 880 511 qui
900 452 963 497 tum

151 513 275 575 abibant,
287 514 337 565 sub
348 514 458 564 initium
469 515 542 564 reris
554 513 732 564 adducerent.
762 511 804 563 29.
823 513 962 565 Animad-

151 595 232 632 verso
245 587 347 643 autem,
366 581 517 632 exercitum
528 581 658 631 Asiaticis
668 579 792 631 moribus
802 579 890 643 infici,
901 597 962 632 ma-

151 663 288 717 gnamque
305 649 389 717 vulgo
405 663 454 716 per
474 654 567 698 castra
585 648 787 714 impudicorum
801 647 961 700 multitudi-

151 731 212 766 nem
224 715 335 780 haberi,
356 717 508 783 probrosos
520 731 615 767 omnes
632 715 759 782 conquiri
772 715 865 776 iussit,
885 721 917 767 et
930 717 961 766 in

170 799 262 835 arvam
281 785 417 854 quandam
434 785 570 836 Ceramici
588 785 665 836 sinus
678 783 797 833 insulam
813 784 959 848 seposuit:

151 799 296 921 baesitque
312 851 427 902 infamia
442 853 514 913 loco,
528 858 556 903 et
567 851 602 902 ob
614 852 674 902 eius
684 850 727 901 rei
738 851 903 902 memoriam
914 851 959 900 Gi-

151 919 318 988 naedopolis
330 919 494 985 appellatur.

119 1023 121 1030 .
201 987 248 1037 Xl.
263 986 315 1036 His
326 986 366 1035 ita
376 987 473 1052 gestis,
484 987 615 1037 insistens
623 985 741 1036 consilio
754 999 814 1046 suo,
826 991 866 1046 ut,
880 985 958 1036 omni

151 1056 289 1105 maritima
300 1068 349 1102 ora
359 1052 404 1102 sui
414 1053 482 1102 iuris
495 1051 604 1114 effecta,
622 1053 739 1104 classem
759 1051 882 1102 hostium
896 1053 958 1103 inu·

150 1123 229 1174 tilem
247 1119 393 1181 redderet,
409 1119 552 1186 Hyparnis
566 1121 701 1187 receptis,
716 1134 786 1186 quae
802 1135 897 1170 arcem
914 1126 957 1170 te·

151 1194 249 1239 nentes
266 1187 431 1238 mercenarii
444 1187 618 1249 dediderant,
634 1189 662 1238 in
672 1187 787 1255 Lyciam
799 1189 955 1238 contendit.

151 1259 175 1304 2.
196 1255 237 1304 lbi
256 1261 338 1320 pacta
353 1269 415 1305 cum
428 1254 664 1314 Telmissensibus
677 1256 809 1316 amicitia,
829 1253 958 1306 Xantho·

151 1337 205 1438 que
225 1319 336 1372 flumine
352 1323 529 1384 transmisso,
551 1323 745 1390 cognominem
759 1325 832 1373 amni
848 1323 957 1384 urbem,

175 1389 309 1454 inaraque
326 1396 355 1440 et
369 1388 480 1452 Patara,
498 1389 604 1440 nobilia
618 1391 653 1440 iis
668 1391 830 1458 regionibus
843 1391 957 1457 oppida,
975 1425 979 1434 .

152 1457 213 1506 cum
230 1456 292 1508 aliis
309 1455 461 1508 minoribus
480 1457 592 1508 circiter
606 1459 730 1525 triginta,
745 1459 774 1508 in
789 1457 873 1508 iidem
885 1459 958 1508 acci-

152 1525 203 1588 pit:
215 1523 353 1593 rebusque
364 1525 432 1576 satis
442 1525 470 1574 in
480 1540 613 1593 praesens
624 1526 799 1593 compositis,
815 1525 845 1575 in
854 1524 958 1592 Mylia-

151 1591 188 1640 da
197 1593 333 1656 procedit.
362 1593 386 1644 3.
401 1590 542 1661 Phrygiae
551 1593 667 1644 maioris
678 1594 771 1660 portio
783 1593 890 1658 Mylias
900 1601 957 1654 est;

151 1658 201 1709 sed
213 1657 360 1710 Persarum
370 1661 486 1728 regibus
496 1661 641 1727 placuerat
649 1661 757 1727 Lyciae
773 1674 833 1710 eam
853 1662 958 1712 contri-

149 1726 207 1778 bui.
245 1727 311 1778 llam
323 1727 386 1778 dum
396 1731 504 1796 recipit,
516 1728 631 1782 adfuere
642 1727 846 1779 Phaselitarum
856 1727 956 1794 legati,

150 1795 298 1846 amicitiam
311 1804 432 1860 orentes,
444 1811 610 1864 aureamque
621 1811 753 1847 coronam
759 1793 899 1860 hospitale
905 1795 956 1845 do·

150 1878 214 1913 nom
238 1862 406 1916 afferebant:
425 1865 499 1916 idem
522 1865 655 1931 petebant
673 1863 821 1914 multarum
843 1863 956 1914 urbium

150 1937 278 1981 oratores
294 1945 330 1982 ex
348 1929 482 1982 inferiore
502 1930 601 1998 Lycia.
636 1932 660 1982 4.
679 1932 776 1998 ltaque
792 1945 856 1991 rex,
874 1945 955 1996 prae-

148 1998 255 2060 missis,
270 1997 370 2064 quibus
389 1999 492 2064 oppida
505 2013 557 2048 sua
569 1997 729 2050 Phaselitae
745 1998 884 2065 Lyciique
900 2004 956 2048 tra-

150 2065 256 2126 derent,
277 2065 372 2130 paucis
392 2070 458 2131 post
476 2065 572 2116 diebus
590 2065 721 2118 Phaselin
741 2065 885 2132 profectus
901 2073 955 2116 est.

151 2132 354 2198 oppugnabant
373 2131 484 2183 illitum
500 2134 619 2185 maxime
632 2133 754 2185 validum
773 2133 954 2199 praesidium,

150 2199 225 2265 quod
235 2201 263 2249 in
273 2201 397 2265 ipsorum
407 2201 514 2252 ditione
524 2200 637 2253 Pisidae
648 2208 871 2262 construxerant,
886 2200 957 2250 mul-

149 2272 249 2332 tasque
260 2266 324 2326 inde
339 2267 455 2319 intumas
469 2269 622 2321 intulerant
639 2269 753 2322 accolis.
788 2268 819 2319 ld
833 2268 956 2319 adventu

149 2332 298 2385 Alexandri
318 2333 397 2386 brevi
417 2343 527 2403 captum
545 2335 607 2389 fuit.
653 2337 677 2388 5.
697 2336 776 2404 Apud
796 2334 955 2387 Phaselitas

150 2398 292 2465 plusculos
304 2401 375 2465 dies,
388 2409 418 2454 nt
429 2419 515 2471 seque
524 2411 552 2455 et
563 2405 714 2468 exercitum
726 2404 865 2466 reticeret,
878 2403 955 2470 qnie-

150 2467 172 2516 ti
183 2466 268 2518 dedit.
304 2469 441 2522 invitabat
452 2474 536 2522 etiem
544 2479 653 2538 ternpus
664 2473 740 2536 anni3
753 2471 854 2539 quippe
862 2470 958 2522 media

149 2535 204 2585 iarn
218 2533 305 2588 hiems
320 2537 447 2589 difficiles
462 2538 653 2607 progredienti
668 2541 728 2590 vias
748 2537 892 2590 effecerat.
929 2538 956 2589 6.

149 2603 191 2654 lbi
211 2619 260 2671 per
279 2603 448 2656 bilaritatem
468 2613 496 2657 et
515 2606 612 2672 epulas
632 2606 725 2659 laxato
747 2607 850 2670 animo,
869 2620 958 2674 quum

148 2676 269 2722 statuam
279 2668 436 2725 Theodecti
448 2687 464 2722 a
477 2673 582 2725 civibus
598 2675 655 2725 suis
669 2677 697 2726 in
708 2673 772 2726 foro
783 2677 904 2742 positam
915 2675 959 2726 vi·
