2054 3030
152 157 470 214 surrnanranrs.
494 162 775 216 murtclac.
832 166 865 216 ro
919 183 921 187 ν

56 263 219 316 stabelito
233 269 390 332 'paucorum
408 263 559 324 dominatu,
581 263 743 330 popularem
763 266 865 334 ubique

57 338 163 382 statum
174 331 395 381 introducerent:
415 332 515 396 quippe
532 331 737 384 multitudinem
752 335 809 384 suis
823 349 866 384 re·

55 401 111 449 bus
123 398 237 449 studere
248 404 430 462 compererat,
451 401 542 464 obque
563 413 623 448 eam
635 413 694 448 rem
704 407 839 466 tyrannos
851 418 866 451 a

55 465 187 516 barbaris
201 465 364 530 impositos,
385 479 434 530 per
445 480 515 531 quos
527 471 713 515 coerceretur.
749 468 790 518 27.
810 468 866 520 Per

56 548 110 582 eos
122 532 192 594 dies,
212 532 275 581 dum
286 531 390 598 Ephesi
404 539 591 583 commoratur
601 531 769 596 Alexander,
789 541 820 585 ut
830 550 865 586 ex

54 599 228 650 instantibus
240 599 313 648 curis
324 606 467 650 recrearet
476 601 604 662 oninium,
615 599 776 715 frequenter
785 603 813 668 in
825 603 864 652 of-

56 668 171 717 ficinam
185 666 289 731 Apellis
304 667 459 728 ventitavit,
480 681 564 733 aquo
580 682 636 716 uno
651 681 665 716 e
681 666 773 733 ligiam
790 683 866 719 suam

54 733 193 800 penicillo
206 733 323 798 exprimi
337 733 458 791 volebat,
479 739 557 783 tanto
577 732 675 783 favore
696 733 864 798 complexus,

54 807 89 850 ut
100 801 311 850 dilectissimam
321 799 462 866 pellicum,
482 801 576 849 amore
591 800 651 850 eius
668 800 795 866 deperire
806 816 866 851 sen-

55 870 133 918 tiens
144 868 288 928 artifice-m,
301 867 374 916 dono
387 865 505 916 dederit.
541 866 582 916 28.
601 866 740 918 Pancasta
750 868 866 918 vocaba-

55 947 112 997 tur,
126 951 161 986 ex
172 934 288 984 Larissa
297 933 386 982 nobili
396 931 560 983 Thessaliae
573 935 640 984 urbe
651 950 739 1002 genus
750 934 866 984 ducens:

55 1002 226 1066 armabatque
241 1014 302 1049 eam
315 1014 366 1049 rex
380 999 488 1050 ardenti
502 999 605 1052 affectu
626 1002 661 1052 ob
681 1000 789 1053 formae
809 1003 867 1069 pul·
942 1035 946 1041 -

55 1068 258 1128 chritudinem,
265 1072 293 1116 et
303 1069 431 1134 quoniam
442 1067 613 1119 adolescenti
624 1071 712 1134 prima
721 1069 867 1120 mulierum

56 1138 93 1188 ad
111 1134 259 1186 libidinem
278 1134 427 1199 placuerat.
463 1131 505 1186 29.
523 1135 587 1187 Hoc
606 1144 637 1187 ut
657 1137 867 1202 magnanimita-

56 1215 117 1255 tem
134 1202 286 1254 Alexandri
300 1218 353 1251 non
371 1201 496 1262 dedecet,
517 1203 559 1253 ita
571 1219 626 1254 non
642 1205 818 1266 crediderim,
838 1206 866 1254 in

57 1271 178 1322 officina
193 1268 320 1334 imperite
336 1269 423 1319 multa
438 1269 621 1321 disserentem
635 1272 668 1322 ab
682 1271 780 1336 Apelle
795 1287 867 1322 mor-

56 1338 123 1390 daci
135 1337 254 1388 dicterio
265 1351 423 1401 repressum
431 1335 528 1389 fuisse.
561 1337 631 1388 Nam
642 1339 671 1389 id
683 1353 771 1405 neque
781 1341 866 1390 maie-

56 1406 127 1457 stati
137 1406 207 1455 tanti
217 1405 303 1470 regis,
325 1419 415 1470 neque
427 1404 584 1455 modestiae
598 1407 724 1471 pictoris,
746 1404 866 1457 hominis

57 1490 115 1524 non
130 1471 234 1537 stupidi
247 1486 297 1523 nec
310 1471 425 1534 indocti,
447 1473 637 1524 convenisset:
657 1479 686 1523 et
695 1472 865 1535 Alexander,

58 1540 224 1591 liberalibus
236 1539 335 1589 studiis
347 1541 381 1590 ab
392 1546 516 1590 extrema
526 1546 617 1590 aetate
627 1541 763 1602 imbutus,
783 1541 865 1591 etiam

58 1611 94 1659 de
106 1607 226 1669 artibus,
246 1621 314 1672 quas
325 1621 380 1656 non
392 1606 519 1668 calleret,
540 1605 614 1657 houd
629 1609 722 1674 inepte
740 1607 865 1658 iudicare

59 1676 208 1726 didicerat.
246 1674 287 1722 30.
307 1672 439 1738 llludpro
459 1675 503 1724 ius
514 1689 581 1724 vero
593 1681 648 1735 est,
666 1674 741 1741 quod
752 1675 800 1724 alii
810 1681 865 1724 tra-

59 1744 200 1802 diderunt,
207 1740 342 1807 quendam
355 1753 389 1789 ex
401 1690 649 1804 EphesiaeDianoe
661 1739 865 1800 sacerdotibus,

59 1827 131 1877 quos
145 1808 320 1875 Megabyzos
336 1806 471 1872 appellari
484 1821 544 1856 mos
562 1812 634 1868 erat,
654 1803 865 1871 reprehensum:

59 1892 143 1945 quum
156 1877 266 1942 quidem
277 1875 303 1924 ei
315 1873 422 1924 diceret
431 1873 558 1938 Apellest
579 1873 668 1940 quood
680 1870 797 1932 tacuisti,
818 1887 865 1921 uu-

58 1961 120 1995 rum
135 1943 186 1994 hoc
200 1952 280 2009 atque
289 1956 414 2008 purpura
428 1939 603 1992 venerabilem
618 1937 801 2058 teduciebunt
817 1938 865 1988 im·

55 2009 155 2081 peritia
161 2027 174 2070 ‚v
191 2018 221 2060 ot
230 2025 300 2060 nunc
310 2009 340 2058 dc
350 2008 437 2070 rebus,
450 2023 515 2075 quos
525 2007 643 2058 nonime
662 2006 725 2076 igis,
736 2005 864 2073 incipien-

59 2090 112 2130 tem
131 2077 221 2143 loqui,
242 2075 323 2127 etiam
338 2075 419 2142 pueri
441 2074 547 2139 rident,
569 2075 614 2143 qui
639 2077 739 2126 colores
764 2080 863 2124 terunt.

58 2149 100 2198 31.
120 2145 150 2195 ln
164 2159 197 2196 ea
206 2145 274 2194 urbe
284 2143 369 2210 longe
384 2143 593 2194 celeberrimam
608 2144 720 2204 aedem,
737 2147 865 2206 utsupra

58 2215 177 2264 relatum
194 2218 250 2273 est,
268 2211 453 2262 Herostratus
467 2211 638 2262 incenderat.
674 2211 782 2260 Eatum
793 2223 864 2258 sum-

58 2297 103 2331 ma
114 2279 300 2346 Ephesiorum
312 2293 378 2328 cura
387 2277 568 2344 maximisque
578 2278 711 2343 impensis
728 2276 864 2326 instaura-

57 2351 150 2408 batur.
187 2348 229 2398 32.
249 2345 372 2406 Quorum
390 2345 490 2396 studiis
505 2345 632 2396 iurandis
645 2343 803 2396 Alexander
814 2345 862 2396 tri-

57 2418 140 2477 buta,
161 2413 335 2480 quaePersis
347 2413 412 2463 dare
425 2417 639 2474 consueverant,
658 2411 765 2462 Dianae
779 2411 862 2479 pendi

56 2483 154 2534 iussit:
184 2481 412 2547 confirmavitque
431 2481 475 2530 ius
495 2480 586 2546 asyli,
612 2477 687 2545 quod
711 2479 863 2544 antiquitus

57 2551 144 2602 etiam
159 2547 291 2600 Liberum
307 2554 413 2614 patrem
428 2547 632 2614 Herculemque
647 2548 802 2597 servavisse
816 2559 863 2596 co·

57 2623 210 2685 gnoverat3
229 2616 324 2666 addito
339 2615 422 2666 etiam
437 2617 540 2681 spatio,
560 2620 591 2664 ut
601 2627 820 2681 quaqueversum
834 2609 862 2658 in

56 2689 140 2738 unius
151 2684 236 2736 stadii
247 2682 455 2749 amplitudinem
467 2681 670 2733 extenderetur.
698 2681 739 2733 33.
759 2679 863 2730 Postea
