2098 3040
316 169 465 220 LIBER
490 169 541 220 IX.
570 172 666 222 GAP.
695 174 719 224 5.
870 173 921 228 865

116 287 175 334 sus,
195 269 324 321 tentabat
341 285 505 338 assurgere..
535 270 591 322 Sed
602 287 636 322 ne
648 274 807 340 sicquidem
819 281 921 341 potem

115 337 252 405 corporis,
272 351 368 388 rursus
383 339 412 388 in
427 352 519 405 genua
534 339 702 404 procumbit;
722 357 805 393 manu
819 357 920 409 provo·

114 401 299 468 canshostes,
320 406 345 456 si
356 407 417 485 quis
429 405 564 473 congredi
574 406 699 457 auderet.
735 409 775 458 li.
794 409 921 462 Tandem

114 472 269 524 Peucestes
279 487 329 539 per
339 473 422 524 eham
437 474 534 540 oppidi
546 478 667 541 partem,
687 473 841 528 deturbatis
855 493 918 543 pro·

113 539 325 607 pugnatoribus,
344 542 416 593 muri
426 540 735 608 vestigiapersequens,
754 543 814 607 regi
824 559 917 611 super·

112 607 199 658 venit.
237 607 277 658 15.
297 609 359 670 Quo
368 615 520 674 conspecto
530 608 697 670 Alexander,
715 607 771 657 iam
779 622 833 658 non
844 614 917 664 vitae

113 689 192 736 suae,
203 673 254 726 sed
262 676 361 728 morde
372 675 502 726 solatium
513 675 709 742 supervenisse
720 681 807 736 ratus,
818 675 917 742 clypeo

114 740 264 810 fatigabim
282 757 384 808 eorpus
398 742 517 809 excepit.
553 741 636 794 Subit
649 741 716 793 inde
725 742 869 792 Timaeus:
891 755 920 794 et

113 809 208 876 paullo
230 817 294 876 post
312 810 487 861 Leonnatusr
506 803 571 860 buic
582 809 730 860 Aristonus
749 811 918 876 supervenit.

114 877 154 928 16.
161 876 223 927 ludi
233 891 354 943 quoque,
365 893 449 944 quum
458 877 533 928 intra
542 877 655 927 moenia
665 891 760 943 regem
771 891 834 927 esse
846 892 920 927 com·

111 945 268 1060 perissent,
290 945 402 996 omissis
413 945 515 1000 ceteris
525 943 594 995 illue
604 945 820 1005 concurrerunt,
839 959 919 1011 urge·

132 1017 235 1077 antque
252 1016 443 1078 protegentes.
478 1011 521 1062 Ex
541 1011 640 1078 quibus
661 1011 803 1072 Timaeus,
824 1012 920 1062 multis

113 1077 233 1128 adverso
254 1092 372 1146 corpore
391 1078 552 1130 vulneribus
578 1079 714 1144 acceptis,
748 1079 919 1146 egregiaque

114 1145 192 1197 adita
211 1159 311 1212 pugna,
332 1145 446 1198 cecidit:
476 1147 516 1196 17.
537 1145 689 1198 Peucestes
706 1161 817 1213 quoque
829 1146 918 1198 tribus

111 1211 214 1263 iaculis
235 1210 392 1276 confossus,
412 1229 467 1264 non
486 1227 517 1264 se
536 1219 629 1265 tamen
649 1219 738 1276 scuto,
758 1215 809 1264 sed
821 1229 918 1281 regem

111 1279 255 1332 tuebatur:
275 1279 446 1344 Leonnatus,
466 1281 531 1332 dum
549 1281 631 1332 aride
649 1289 762 1333 ruentes
781 1281 917 1334 barbaros

112 1346 268 1411 submovet,
288 1349 398 1400 cervice
413 1349 536 1416 graviter
549 1349 615 1412 icta,
635 1349 805 1400 semianimis
816 1364 916 1416 procu-

111 1414 172 1465 buit
181 1421 246 1466 ante
256 1417 333 1482 regis
342 1416 438 1482 pedes.
475 1417 515 1468 18.
527 1417 584 1468 lam
594 1423 623 1467 et
632 1417 785 1468 Peucestes
795 1417 916 1470 'vulneri-

110 1483 162 1534 bus
173 1480 308 1549 fatigatus
323 1483 490 1534 submiserat
500 1482 641 1549 clypeum:
664 1485 833 1535 inAristono
850 1500 915 1550 spes

111 1550 210 1600 ultima
219 1547 363 1598 haerebat.
398 1549 454 1599 Hie
464 1564 574 1615 quoque
590 1549 714 1614 graviter
730 1551 842 1600 saueius
856 1558 915 1601 tan·

110 1625 167 1668 tam
188 1615 242 1664 vim
261 1613 384 1665 bostium
401 1615 475 1666 ultra
494 1616 633 1665 sustinere
647 1631 701 1664 non
717 1621 836 1680 poterat.
873 1619 913 1667 19.

112 1686 189 1735 Inter
198 1680 268 1733 baec
278 1681 315 1732 ad
323 1681 495 1732 Macedonas
505 1681 754 1748 regemxoeeidisse
767 1681 842 1732 fama
875 1698 916 1732 er-

111 1752 233 1802 lataest.
252 1747 413 1800 Terruisset
423 1749 504 1810 aiios,
515 1748 590 1816 quod
599 1748 666 1799 illos
675 1749 811 1799 incitavit.
861 1764 917 1800 am.

112 1834 166 1887 que
177 1816 294 1886 periculi
304 1817 394 1868 omnis
404 1818 594 1876 immemores,
614 1815 738 1866 dolabris
752 1813 916 1884 perfregere

111 1902 233 1949 murum,
254 1892 282 1936 et
296 1900 351 1953 qua
363 1883 455 1936 moliti
468 1889 548 1935 erant
562 1883 676 1944 aditum,
696 1881 821 1948 irrupere
831 1886 860 1934 in
872 1899 918 1934 nr·

112 1955 184 2014 bem,
215 1953 355 2020 ludosque
366 1953 459 2018 plures
469 1950 621 2019 fugientes,
632 1964 712 2017 quam
724 1951 860 2016 congredi
870 1965 916 2001 au·

112 2035 169 2082 sos,
182 2020 351 2070 ceciderunt.
386 2022 428 2071 2⁰.
447 2019 510 2070 Non
521 2017 646 2078 senibus,
657 2032 712 2067 non
722 2015 848 2080 feminis,
859 2034 915 2070 non

111 2087 265 2142 infantibus
277 2088 412 2154 parcitur3
433 2087 558 2155 quisquis
571 2091 738 2146 occurrerat,
751 2085 846 2136 abillo
857 2087 916 2136 vul·

111 2164 237 2208 neretum
251 2167 348 2221 regem
362 2169 424 2204 esse
441 2153 599 2205 credebant.
635 2152 816 2220 Tandemque
830 2155 916 2204 inter·

112 2225 230 2276 necione
251 2220 372 2272 hostium
392 2221 483 2272 iustae
499 2224 559 2272 irae
579 2225 752 2288 parentatum
774 2225 826 2271 est.
872 2221 914 2272 al.

112 2290 312 2351 Ptolemaeum,
335 2289 382 2356 qui
397 2294 497 2356 postea
510 2289 647 2355 regnarit,
668 2285 732 2337 huic
746 2301 857 2354 pugnae
868 2289 914 2340 ad·

111 2355 215 2420 fuisse,
239 2363 339 2408 auctor
359 2362 403 2407 est
422 2354 579 2408 Clitarchus
598 2363 627 2406 et
643 2355 820 2422 Timagenes.
858 2355 915 2409 Sed

111 2427 181 2492 ipse,
201 2426 311 2477 scilieet
329 2425 437 2492 gloriae
452 2438 519 2474 suae
533 2438 588 2475 non
601 2423 768 2490 refragatus,
789 2422 914 2474 abfuisse

111 2507 156 2555 se,
184 2493 297 2544 missum
318 2493 347 2544 in
367 2491 585 2558 expeditionem,
614 2490 765 2542 memoriae
788 2490 914 2542 tradidit.

111 2560 205 2612 Tanta
214 2562 437 2630 componentium
449 2566 560 2612 vetusta
568 2573 661 2610 rerum
672 2565 859 2620 monumenta,
871 2557 915 2606 vei

110 2628 257 2691 securitas,
278 2629 322 2680 rei
341 2644 391 2695 par
406 2627 471 2680 huic
484 2629 591 2691 vitium,
611 2626 762 2678 credulitas
773 2625 836 2676 fuit.
873 2625 914 2675 22.

111 2695 187 2766 Rege
197 2696 226 2748 in
237 2696 445 2749 tabernaculum
455 2697 556 2761 relato,
567 2695 668 2748 medici
678 2695 784 2764 lignum
795 2692 915 2760 sagittae
