2098 3040
350 212 751 268 diadumenus.
905 219 954 268 359

148 333 182 368 ex
192 312 329 366 mandacio
339 313 469 384 intelligo.
501 314 539 363 13.
557 313 637 377 Quod
645 313 669 364 si
677 316 764 367 adbuc
771 319 954 384 penetrarem

149 382 259 434 tntum
277 390 378 432 certium
398 389 452 442 eet,·
471 381 548 449 regio
565 397 582 430 a
593 377 706 432 Martae
720 385 803 434 eninm
817 393 951 437 vastant.

151 449 213 513 Qua
223 447 334 500 abacta
344 448 435 499 licebit
442 449 582 500 decurrere
591 447 620 498 in
629 446 695 498 illud
703 465 784 512 mare,
796 453 868 518 quod
876 455 953 504 rebus

150 515 273 568 inmunia
283 516 424 568 terminum
435 515 520 566 aolnit
528 530 582 566 erse
593 523 702 566 natura.
720 517 760 566 14.
774 517 829 568 Car
838 521 953 572 circuitu

147 581 216 651 petis
225 582 350 652 gloriam,
373 599 441 650 quae
451 584 487 634 ad
498 598 606 633 ananum
615 581 707 649 potita
721 585 775 634 eet?
793 584 836 634 lic
849 603 952 656 quoque

150 651 271 702 occurrit
281 649 413 702 Oceanus.
434 648 495 700 Nisi
503 649 588 701 macie
596 665 697 712 errare,
704 650 885 717 pervenimus,
901 673 950 722 qao

150 725 197 768 tua
200 717 321 787 scamna
331 715 411 770 1111111.
451 718 490 768 15.
506 715 689 778 Hecataeum,
701 733 780 784 quam
793 718 850 769 sim
859 727 887 770 te
894 737 952 772 111111

149 784 189 836 bis
195 818 203 847 ,
218 785 292 854 loqui
301 783 396 836 malm':
405 800 460 835 non
470 791 501 834 ut
508 783 605 835 inirem
615 783 811 836 drcuenetantie
822 785 952 838 saeratae

145 852 277 922 gratiam,
297 853 480 903 sedutaocem
490 851 758 918 loquentiumpotiae,
781 868 860 921 mmm
869 856 952 922 garni-

148 927 205 970 tum
225 918 450 970 murmurantium
469 917 584 970 audirer.
622 917 661 970 16.
680 920 718 970 Ut
734 922 816 971 tinem
832 923 954 972 orationi

148 989 259 1038 Coenus
269 986 412 1052 imposuit,
418 986 525 1037 clamor
533 985 599 1036 uadi
619 1001 654 1036 ue
665 1002 726 1037 cum
737 988 849 1053 ploratu
855 989 953 1052 oritur,

149 1068 254 1120 regem,
264 1059 381 1118 patrem,
393 1054 542 1114 dominum,
555 1001 681 1105 coniusis
692 1055 890 1122 appellantium
904 1071 952 1107 vo-

148 1121 236 1170 eibus.
273 1121 444 1187 1⁷.1smque
464 1127 492 1172 et
511 1121 560 1172 alii
574 1121 669 1184 duces,
689 1124 895 1190 praecipucque
910 1138 953 1174 se·

148 1190 252 1249 nior-es,
275 1192 336 1255 quis
348 1188 383 1240 ob
394 1194 515 1239 aetatem
530 1195 559 1238 et
569 1189 713 1240 excusatio
725 1187 873 1241 honestior
883 1197 952 1252 erat,

148 1262 177 1306 et
186 1257 340 1306 auotoritas
351 1257 448 1320 maior,
460 1256 558 1307 eadem
569 1257 762 1323 precabantur.
788 1258 827 1307 182
840 1258 890 1308 ilie
901 1271 953 1308 nec

147 1324 286 1390 castigare
305 1323 476 1386 obstinatos,
506 1339 558 1375 nec
577 1325 706 1391 mitigare
725 1334 835 1391 poterae
852 1327 951 1376 iratos.

149 1391 243 1460 ltaque
256 1393 338 1459 inops
355 1393 466 1444 consilii
481 1391 597 1444 desiluit
611 1407 626 1442 1
640 1392 781 1455 tribunali,
802 1393 950 1461 claudique

146 1462 252 1526 regiam
263 1461 357 1521 iussit,
370 1459 508 1522 omnibus,
519 1464 631 1524 praeter
641 1466 783 1523 assuetos,
799 1461 877 1512 adire
887 1477 950 1527 pro·

146 1527 251 1578 bibitis
289 1527 329 1577 19.
348 1526 468 1577 Biduum
478 1527 537 1575 irae
548 1526 642 1576 datum
653 1532 710 1576 est:
730 1527 813 1577 tertio
830 1529 875 1578 die
889 1543 950 1594 pro·

147 1595 245 1656 cessit,
266 1593 393 1660 erigique
409 1592 462 1642 Xll
475 1606 538 1641 aras
554 1607 589 1642 ex
603 1593 737 1657 quadrato
750 1608 834 1656 saxo,
856 1610 950 1644 monu-

145 1666 268 1712 mentum
288 1658 476 1726 expeditionis
497 1673 578 1718 suae;
598 1659 767 1708 munimenta
781 1675 892 1726 quoque
907 1675 951 1710 on·

147 1735 268 1779 atrorum
278 1729 362 1778 iussit
372 1724 497 1785 extendi,
510 1725 668 1792 cubiliaque
679 1725 823 1791 amplioris
833 1727 950 1788 formae,

146 1810 228 1862 quam
248 1810 298 1863 pro
319 1809 466 1862 corporum
486 1792 595 1858 habitu,
624 1791 757 1857 relinqui,
780 1799 811 1842 ut
830 1795 950 1858 speciem

147 1864 270 1914 omnium
280 1869 409 1930 augeret,
430 1860 591 1928 posteritati
601 1859 688 1910 fallax
697 1860 862 1910 miraculum
873 1876 951 1926 prae·

146 1945 256 2047 parans.
292 1932 333 1980 111.
345 1930 425 2010 'Hinc
434 1933 574 1994 repetens,
593 1941 664 1994 quae
681 1940 809 2006 emensus
827 1934 896 1989 11111
917 1930 951 1978 ad
971 1966 975 1972 ,

167 2011 249 2048 umen
272 1999 417 2048 Aeesmem
441 1997 518 2048 locat
542 2003 643 2046 castra.
679 1992 720 2044 ibi
743 1993 820 2045 forte
841 1995 951 2044 Coenus

146 2065 245 2116 morbo
257 2065 410 2115 exstinctus
421 2071 472 2115 ast.
497 2064 581 2115 Cuius
592 2067 682 2114 morte
693 2062 832 2129 ingemuit
840 2061 951 2129 quidem

145 2147 207 2183 rex:
229 2131 334 2181 adiecit
343 2137 444 2191 tamem,
456 2137 570 2197 propter
579 2144 684 2198 paucos
695 2129 756 2181 dies
767 2128 951 2196 longam‘ora-

144 2200 250 2251 tionem
270 2212 332 2249 eum
351 2211 490 2258 exorsum,
510 2204 641 2265 tanquam
661 2197 739 2248 solus
756 2196 950 2247 Macedoniam

145 2267 256 2318 risurus
268 2272 351 2316 asset.
389 2267 430 2314 21.
450 2264 506 2314 lans
516 2265 544 2314 in
556 2281 628 2332 aqua
639 2264 752 2325 classis,
764 2279 844 2330 quam
856 2265 951 2316 aediti·

146 2337 204 2385 cari
213 2335 343 2395 iusserat,
356 2331 457 2382 stabat.
476 2332 551 2382 Inter
562 2331 631 2383 haee
641 2333 774 2382 Memnon
784 2346 820 2383 ex
829 2330 951 2383 Thracia

146 2403 175 2452 in
184 2402 403 2470 supplementum
418 2399 541 2466 equitum
554 2415 604 2451 sex
613 2400 711 2460 millia,
730 2406 843 2465 praeter
853 2415 905 2450 eos
915 2400 949 2448 ab

146 2468 174 2518 H
226 2470 271 2520 alo
282 2468 407 2536 peditum
417 2473 524 2534 septem
536 2467 625 2518 millia
635 2467 803 2531 adduxerat3
818 2481 950 2533 armaque

145 2481 227 2587 Xuxli
235 2537 322 2586 millia
332 2551 401 2586 auro
414 2541 442 2586 et
452 2541 570 2602 argento
583 2535 691 2587 caelata
700 2536 867 2603 pertulerat3
888 2538 950 2599 quis

146 2603 313 2665 distributis,
324 2610 421 2655 vetera
430 2605 549 2655 cremari
559 2603 650 2654 iussit.
686 2605 727 2652 11.
739 2603 818 2651 Mille
830 2599 951 2667 navigiis

145 2670 270 2722 aditurus
287 2671 442 2735 Oceanum,
463 2671 608 2723 discordes
628 2675 657 2722 et
675 2674 772 2720 vetera
785 2668 850 2718 odia
863 2673 950 2719 111111·

144 2743 254 2790 11111111
266 2737 367 2790 Porum
379 2748 408 2792 11
419 2740 561 2802 Tandem,
574 2738 668 2790 indiae
678 2749 771 2804 reges,
783 2735 891 2787 firmata
900 2750 951 2804 pet
