2098 3040
335 188 496 249 'ateste
521 198 556 249 X:
586 199 685 250 CAP.
713 201 736 249 1.
898 195 948 248 385

145 311 243 352 eorum
261 299 383 351 ministri
402 298 520 361 fuerant,
539 301 659 350 interfici
672 301 761 350 iussit.
798 299 823 350 9.
841 274 948 349 Eodem

145 368 192 420 die
211 373 330 418 sumtum
345 374 388 419 est
402 385 434 419 su
454 368 568 434 plicium
583 366 618 417 de
630 367 666 416 iis
681 381 799 433 quoque,
820 381 890 432 quoa
903 381 951 424 au-

145 434 418 487 ctoresdelectionis
430 385 579 486 ticianum
588 435 719 486 Craterus
730 433 891 487 adduxerat.
906 435 949 484 lo.

144 503 229 554 Haud
240 502 327 553 multo
338 510 402 569 post
411 501 555 556 Nearchus
567 508 596 554 et
606 501 878 568 Onesicritus‚·qu0s
889 501 950 551 lon-

146 569 209 638 gius
224 571 252 620 in
266 569 407 622 Oceanum
423 571 577 637 procedere
587 571 723 630 iusserat,
734 569 948 634 superveniunt.

146 639 189 688 11.
207 635 378 690 Nuntiabant
387 644 479 689 autem
491 636 626 705 quaedam
635 635 745 698 audita,
761 634 817 684 alia
827 647 949 702 comper-

144 712 186 755 ta:
198 705 317 757 insulam
328 707 402 757 ostio
413 707 502 760 amnis
511 706 665 756 subiectam
676 717 745 754 auro
754 701 903 763 abundare,
910 703 949 752 in-

145 787 226 840 opem
237 787 373 840 equorum
389 787 464 824 esse:
484 772 611 840 singulos
627 786 715 838 equos
729 770 763 820 ab
784 769 828 830 iis,
848 768 896 836 qui
915 785 950 820 ex

135 840 301 891 continenti
309 841 441 892 traiicere
456 841 599 902 auderent,
620 839 738 907 singulis
754 837 867 888 talentis
885 839 947 887 emi.

133 909 185 958 'la
206 907 324 958 Plenum
336 921 399 958 esse
409 907 565 959 belluarum
574 921 664 971 mare;
675 911 756 957 aestu
765 903 888 956 seeundo
901 918 949 954 eas

145 975 224 1036 ferri,
245 989 407 1041 magnarum
421 975 531 1026 navium
550 983 670 1042 corpora
689 978 856 1040 aequantes:
876 973 950 1023 truci
1030 1011 1031 1026 n

146 1046 230 1092 cantu
240 1041 389 1092 deterritas
399 1042 480 1110 sequi
492 1042 623 1106 classem,
634 1057 695 1093 cum
705 1055 806 1108 magno
818 1041 949 1106 aequoris

145 1109 276 1174 strepitu,
291 1109 369 1160 velut
379 1109 507 1161 demersa
516 1111 638 1178 navigia,
654 1109 763 1160 subisse
775 1123 870 1176 aquas.
908 1106 948 1157 13.

145 1177 247 1227 cetera
257 1176 357 1228 incolis
365 1178 556 1230 crediderantt
566 1178 640 1230 inte-r
650 1193 730 1245 quae,
741 1176 864 1228 Rubrum
872 1189 948 1226 mare

144 1256 201 1294 non
211 1259 228 1295 a
238 1243 334 1296 colore
344 1246 488 1309 undarum,
504 1252 534 1298 ut
543 1246 670 1314 plerique
681 1245 836 1306 crederent,
853 1243 904 1295 sed
915 1243 948 1293 ab

117 1369 118 1372 Ἴ
141 1309 265 1378 Erythra
274 1327 342 1434 rege
352 1314 498 1382 appellari.
527 1313 568 1364 14.
583 1313 653 1366 Esse
664 1311 949 1381 haudproeulacon·

142 1379 243 1430 tinenti
253 1382 317 1432 insu
329 1396 372 1432 am
384 1383 513 1448 palmetis
523 1381 716 1450 frequentibus
728 1382 873 1443 consitam,
881 1385 910 1430 et
919 1381 949 1429 in
1030 1413 1031 1416 κ

125 1501 129 1506 ,
142 1447 236 1498 medio
246 1447 307 1500 iere
317 1465 430 1500 nemore
441 1451 598 1502 columnam
607 1451 739 1512 eminere,
757 1447 895 1515 Erythrae
905 1462 948 1498 re-

145 1515 189 1580 gis
207 1522 423 1576 monumentum,
443 1515 535 1566 literis
550 1517 642 1583 gentis
658 1517 718 1566 eius
729 1515 869 1582 scriptam,
906 1516 947 1566 15.

144 1581 329 1643 adiiciebant,
350 1583 470 1649 navigia,
490 1597 561 1648 quae
576 1583 648 1634 lixas
662 1587 892 1648 mercatoresque
903 1597 948 1632 ve·

144 1647 266 1710 xissem,
285 1647 387 1698 famam
402 1650 463 1700 atu-i
474 1651 580 1700 secutis
592 1650 825 1716 gubernatoribus
836 1649 865 1698 in
874 1648 948 1698 insu-

144 1715 202 1766 lem
219 1729 282 1767 esse
295 1717 472 1779 transmissa,
492 1731 544 1768 nec
559 1716 660 1768 deinde
671 1713 759 1767 abhis
771 1715 947 1782 postearisa.

146 1781 188 1834 16.
206 1783 276 1846 Rex,
297 1784 487 1851 cognoscendi
496 1785 578 1850 plura
587 1784 716 1850 cupidine
727 1796 871 1844 accensus,
890 1795 949 1832 rur-

145 1867 194 1902 sus
205 1865 255 1902 eos
266 1855 368 1902 terram
376 1842 473 1920 legeie
484 1852 575 1912 iubet,
588 1853 677 1904 donec
687 1850 723 1902 ad
732 1847 893 1916 Euphraten
903 1863 949 1915 ap-

144 1918 284 1986 pellerent
303 1919 434 1983 elasse'm3
453 1919 519 1971 inde
538 1918 656 1970 adverso
677 1933 756 1970 amne
774 1915 948 1984 Babylonem

145 1985 298 2038 subituros.
335 1989 374 2038 17.
393 1988 465 2056 lpse,
487 1987 579 2038 animo
590 1985 699 2038 infinita
709 1987 878 2052 complexus,
894 1989 949 2034 sta-

142 2059 238 2106 tuerat
249 2055 323 2104 omni
334 2055 369 2106 ad
380 2055 523 2106 Orientem
532 2055 671 2106 maritima
679 2055 796 2122 regione
811 2051 950 2120 perdomi-

143 2129 182 2184 ta,
195 2135 230 2172 ex
242 2119 324 2188 Syria
334 2128 430 2188 petere
440 2121 569 2184 Africam,
582 2121 685 2176 Cartha
707 2123 745 2173 'ni
756 2120 895 2172 infensus:
908 2120 949 2169 in-

145 2189 182 2241 de
191 2187 338 2240 Numidiae
350 2189 548 2242 solitudinibus
557 2197 723 2258 peragratas,
733 2203 843 2249 cursum
855 2185 949 2238 Gades

145 2257 279 2324 dirigere.
314 2256 428 2308 lbinam
448 2273 483 2309 ue
494 2258 650 2310 columnam
659 2257 864 2308 Herculisesse
876 2254 950 2307 fama
1030 2293 1031 2296 η

144 2325 317 2392 vulgaverat.
354 2325 394 2376 18.
447 2326 569 2392 ispanias
592 2325 706 2386 deinde,
735 2339 804 2392 quas
817 2317 950 2376 'lberiam

144 2390 247 2444 Graeci
258 2408 274 2444 a
284 2391 397 2445 flumine
407 2393 488 2445 lbero
500 2393 651 2456 vocabant,
669 2389 760 2456 adire;
780 2399 808 2444 et
825 2396 947 2460 praeter-

145 2457 210 2510 vehi
218 2460 312 2528 Alpes,
331 2461 485 2528 Italiaeque
496 2476 582 2524 oram,
602 2461 675 2514 unde
689 2461 718 2512 in
728 2461 841 2530 Epirum
853 2458 948 2510 brevis

146 2541 245 2578 cursus
265 2535 316 2581 est.
362 2527 403 2579 19.
425 2529 514 2596 lgitur
532 2529 754 2598 Mesopotamiae
773 2524 949 2595 praetoribus

144 2595 300 2662 imperarit,
320 2597 438 2659 materia
447 2597 475 2648 in
483 2596 591 2649 Libano
602 2604 696 2649 monte
708 2611 799 2658 caesa,
822 2595 949 2646 devecta·
989 2652 992 2662 Ι

99 2664 106 2686 ·’
145 2677 199 2730 que
214 2663 249 2714 ad
263 2663 360 2715 urbem
372 2664 471 2734 spatae
482 2664 658 2734 Thapsacum
670 2665 825 2734 ingentium
840 2661 948 2714 carinas

126 2733 388 2854 'nosquqnssqqqlesret
408 2735 681 2803 septiremasomnes
694 2748 772 2853 aege,
793 2729 947 2797 deducique
