2054 3030
205 237 515 292 SUPPLEMENTA.
535 240 610 292 LlB.
628 242 660 290 ll.
675 241 757 295 CAP.
777 242 802 294 8.
872 244 906 296 8¹1
994 293 1003 305 ,,

96 357 219 394 uxorem
230 357 307 392 suam
322 342 484 407 liberosque
493 341 528 392 ad
541 341 656 392 Darium
665 345 753 406 misit,
775 344 856 411 quasi
870 346 906 397 de

100 411 254 461 securitate
264 409 375 460 illorum
391 409 543 472 sollicitus,
562 423 662 460 revera
676 416 707 460 ut
717 409 760 462 his
770 412 848 463 velut
857 413 905 463 ob-

98 477 210 528 sidibus
226 476 352 526 fiduciam
367 479 443 544 regis
458 475 606 543 obligaret.
643 477 683 527 18.
702 477 830 528 Ceterum
839 479 905 531 Ale-

99 543 215 606 xander,
227 545 336 594 Cariam
345 544 546 610 introgressus,
558 543 651 602 omnia
660 544 734 593 inter
740 545 865 597 Miletum
877 554 905 598 et

99 611 329 661 Halicarnassum
347 611 449 676 oppida
462 611 541 661 brevi
560 611 588 661 in
602 615 771 676 potestatem
785 614 850 663 rede
872 615 903 665 it.

99 677 238 745 Pleraque
251 680 324 728 enim
336 677 452 728 Graecis
462 677 564 728 incolis
579 676 789 738 habitabantur,
806 630 904 744 quibus

98 746 301 796 immunitatem
315 759 435 811 suasque
449 745 528 809 leges
541 745 692 795 restituere
713 758 904 808 consueverat,

40 811 43 816 '
99 812 136 862 ob
151 813 312 863 liberandos
332 827 382 863 eos
395 814 425 861 in
442 812 535 860 Asiam
548 810 828 877 venisse'professus.
865 813 904 864 19.

98 879 197 946 Neque
208 881 345 930 minorem
354 891 420 928 mox
430 893 446 926 a
459 877 584 928 barbaris
598 879 662 929 iniit
676 879 806 946 gratiam,
822 882 905 929 conri-

98 955 145 998 ter
157 952 277 1012 excepta
285 946 353 1007 Ada,
364 945 437 1011 regii
447 946 557 1012 generis
568 947 693 1008 muliere,
728 961 781 998 uae
791 949 847 998 iter
856 961 907 1014 per

99 1029 135 1066 ea
144 1014 209 1063 loca
218 1013 368 1063 facientem
381 1019 557 1074 convenerat,
571 963 797 1080 illiusquebdem
808 1015 905 1081 implo-

96 1097 165 1133 rans
175 1081 204 1130 in
214 1095 330 1146 regnum
339 1080 450 1130 restitui
462 1087 598 1133 oraverat.
634 1081 704 1132 Nam
713 1081 905 1133 Hecatomnus

99 1149 203 1202 Cariae
218 1162 268 1198 rex
283 1154 340 1198 tres
356 1148 428 1198 filios
444 1146 547 1208 habuit,
567 1149 636 1199 duas
652 1149 738 1201 filias:
759 1150 906 1216 exquibus

97 1216 237 1268 maximus
248 1222 314 1265 natu
324 1215 468 1266 Mausolus
483 1216 659 1267 Artemisiam
672 1215 800 1268 duxerat:
814 1219 907 1269 minor

95 1299 136 1336 -ex
155 1283 300 1334 sororibus
319 1283 377 1334 Ada
397 1282 478 1334 fratri
496 1284 614 1334 Hidrieo
635 1286 738 1350 nupsit.
781 1287 823 1336 2⁰.
848 1285 906 1338 Sed

97 1350 229 1404 Mausolo
247 1350 356 1416 quidem
372 1365 455 1400 soror
468 1351 620 1416 eademque
635 1353 737 1405 coniux
756 1354 904 1416 successit,

96 1433 177 1470 more
187 1419 288 1485 gentis,
299 1433 352 1484 quo
363 1419 391 1468 in
402 1419 606 1469 matrimonium
617 1434 789 1486 regnumque
800 1422 903 1472 sociari

96 1487 142 1538 fas
156 1494 198 1537 est
209 1487 308 1536 iisdem
317 1487 479 1552 parentibus
490 1487 613 1552 genitos:
629 1495 657 1536 at
666 1497 814 1554 postquam
823 1487 902 1540 Arte·

97 1555 181 1606 misia
201 1553 342 1604 desiderio
364 1551 488 1603 defuncti
507 1554 643 1615 extabuit,
661 1554 795 1605 Hidrieus
814 1570 902 1622 regno

96 1623 213 1691 potitus,
225 1627 254 1670 et
264 1623 325 1672 sine
336 1620 435 1670 sobole
445 1627 585 1682 mortuus,
605 1621 680 1670 Adae
691 1623 806 1687 reliquit
817 1623 902 1686 impe-

96 1690 178 1741 rium.
213 1691 255 1737 21.
267 1687 348 1737 Hanc
358 1686 521 1736 Pexodarus
533 1687 648 1752 expulit,
663 1689 708 1753 qui
720 1702 790 1738 unus
801 1689 836 1738 de
846 1689 902 1737 He-

95 1757 221 1809 catomni
232 1755 297 1805 tiliis
308 1759 464 1820 supererat:
477 1760 504 1802 et
515 1768 678 1818 quamquam
690 1755 713 1801 is
725 1753 902 1814 decessisset,

96 1823 212 1876 exclusa
222 1823 361 1884 manebat,
368 1820 640 1887 quiaOrontobaten‚
650 1819 771 1869 nobilem
780 1820 904 1882 Persam,

95 1891 262 1946 Pexodarus
293 1905 406 1940 onerum
418 1887 588 1950 adsciverat,
604 1887 671 1938 utin
682 1901 755 1937 noro
768 1887 904 1953 etripar-

95 1966 127 2010 to
139 1959 257 2024 imperio
268 1906 344 2008 filius
356 1957 456 2023 opibus
467 1960 496 2006 et
505 1955 809 2022 gratiaprotegeretur:
821 1965 904 2021 atque

94 2025 158 2088 ille,
168 2027 304 2076 exstincto
316 2039 426 2085 soeero,
438 2024 514 2073 velut
524 2023 618 2074 dotale
630 2038 746 2090 regnum
753 2023 903 2074 retinebat.

92 2097 138 2145 22.
162 2093 227 2142 Eam
246 2093 375 2144 iniuriam
395 2092 544 2158 deplorans
562 2091 671 2154 mulier,
692 2091 776 2140 simul
794 2089 902 2141 rilindis

93 2160 211 2221 deditis,
227 2160 451 2224 (munitissimum
465 2158 494 2208 id
510 2159 655 2210 castellum
672 2162 754 2222 erat),
773 2159 902 2223 impetra-

91 2231 144 2290 rit,
161 2235 192 2278 ut
202 2242 302 2278 nomen
315 2228 374 2290 tilii,
396 2227 471 2292 quod
479 2226 631 2290 deferebat,
643 2227 742 2278 lubens
753 2226 902 2292 acciperet,

91 2304 292 2363 strenuumque
304 2296 331 2345 ei
342 2309 454 2360 operam
469 2295 504 2344 ad
516 2291 645 2360 antiquae
659 2293 805 2362 dignitatis
817 2290 903 2346 decas

90 2370 203 2417 maturo
217 2363 407 2430 recipiendum
424 2361 614 2428 polliceretur.
650 2361 747 2428 Neque
761 2364 901 2428 promisso
964 2380 968 2387 ·

90 2431 167 2483 tides
178 2429 280 2491 deluit;
302 2424 514 2498 expugnataque
526 2427 627 2478 deinde
636 2427 846 2493 Halicarnasso,
860 2436 902 2480 to·

91 2507 152 2550 tam
163 2497 207 2548 illi
221 2498 330 2548 Cariam
343 2511 442 2565 parere
455 2497 546 2547 iussit.
582 2496 624 2546 23.
644 2495 758 2546 Interim
770 2496 902 2548 famaba-

89 2569 181 2684 niqsne
202 2571 333 2684 exceptae
353 2565 481 2631 reginae,
501 2577 675 2629 peromnem
687 2563 765 2614 illum
784 2569 903 2615 uantum
959 2610 961 2616 ,

92 2635 124 2686 di
149 2648 211 2696 usa,
221 2650 267 2684 mu
279 2640 322 2684 tas
339 2634 468 2684 civitates
477 2630 635 2682 Alexandro
647 2631 820 2692 conciliavit,
840 2643 903 2678 nam

92 2702 247 2769 pleraeque
262 2717 278 2752 a
290 2701 458 2752 necessariis
473 2704 521 2749 aut
534 2697 718 2748 familiaribus
737 2697 813 2748 Adae
827 2701 903 2744 tene-

90 2769 209 2820 bantur:
220 2770 242 2819 ii
252 2783 302 2835 per
311 2769 421 2836 legatos
433 2767 594 2817 obtulerant
604 2779 703 2816 aureas
716 2777 848 2823 coronas,
862 2760 903 2810 lu-

959 2871 991 2928 Ι
