2054 3030
101 191 146 240 146
320 180 491 250 QUINTI
520 186 686 238 cua'rlt

98 299 153 352 ret,
173 291 372 352 satisincerto,
390 289 489 340 classis
501 287 594 354 Cypro
610 287 731 348 advenit3
749 285 913 354 eodemque

95 368 221 424 tempore
237 357 387 419 Cleander,
407 372 469 406 eum
487 355 603 406 Graecis
616 354 751 404 militibus
766 352 794 403 in
804 354 911 419 Asiam

96 438 184 490 nuper
194 424 336 475 advectus.
373 425 490 476 Centum
506 429 534 474 et
548 423 693 489 octoginta
708 420 818 471 narium
834 421 911 472 clas·

98 491 194 542 semin
206 491 260 541 duo
275 491 375 542 dividit
392 506 507 541 cornua:
524 491 633 542 laevum
648 489 835 554 Pnytagoras,
855 504 909 540 rex

98 559 278 625 Cypriorum,
297 574 358 610 cum
374 561 490 610 Cratero
509 557 650 618 tuebatur;
669 555 857 608 Alexandrum
877 559 911 608 in

96 627 214 677 dextero
226 625 432 694 quinqueremis
443 627 522 692 regia
531 623 656 675 vehebat.
694 625 733 672 12.
744 621 803 674 Nec
814 624 910 692 Tyrii,

97 709 260 762 quamquam
276 696 393 745 classem
409 691 556 754 habebant,
576 692 637 742 ausi
653 690 751 741 navale
763 690 835 742 inire
847 707 908 743 cer-

95 768 199 824 tamen,
220 762 348 812 triremes
369 774 465 812 omnes
479 766 543 810 ante
563 760 624 825 ipsa
642 758 753 817 moenia
768 773 908 826 opposue-

96 836 176 880 runt:
195 829 294 895 quibus
306 830 505 888 rexinvectus,
526 827 601 892 ipsas
612 826 754 876 demersit.
793 827 833 878 13.
852 825 909 876 Po·

97 905 174 948 stera
184 897 228 947 die
243 897 334 948 classe
344 896 379 946 ad
388 895 499 946 moenia
509 894 633 956 admota,
654 893 776 961 undique
785 899 909 944 tormen-

97 966 143 1026 tis,
156 971 184 1015 et
194 965 312 1014 maxime
323 963 439 1013 anetum
450 961 532 1027 pulsu
542 977 636 1012 muros
647 962 749 1028 quatit:
768 976 839 1028 quos
850 963 897 1026 Ty

96 1034 132 1082 rii
143 1033 244 1098 raptim
265 1030 416 1080 obstructis
440 1028 515 1079 saxis
542 1028 713 1092 reiecerunt3
741 1027 908 1079 interiorem

98 1113 210 1166 quoque
221 1109 337 1158 murum,
348 1103 388 1158 ut,
399 1096 422 1146 si
433 1097 511 1162 prior
520 1095 681 1158 fefellisset,
692 1096 744 1146 illo
754 1111 785 1146 se
796 1102 906 1147 tueren-

98 1173 152 1228 tur,
167 1164 289 1229 undique
305 1164 371 1214 orsi.
410 1164 450 1214 ll.
470 1162 525 1214 Sed
546 1165 667 1231 undique
689 1165 730 1214 vis
745 1164 810 1215 mali
824 1177 906 1230 urge-

97 1233 155 1284 bat:
166 1230 255 1281 moles
266 1231 341 1280 intra
351 1231 402 1282 teli
412 1231 515 1281 iactum
528 1238 599 1294 erat;
617 1231 716 1281 classis
732 1231 844 1282 moenia
855 1231 906 1281 cir-

98 1297 232 1360 cumibat3
253 1299 380 1348 terrestri
395 1299 476 1350 simul
492 1299 639 1366 navalique
657 1298 736 1349 clade
752 1298 908 1350 obrueban-

97 1373 152 1418 tur.
190 1364 298 1430 Quippe
313 1365 392 1415 binas
407 1365 596 1432 quadriremes
607 1365 778 1420 Macedones
791 1368 866 1418 inter
876 1381 907 1417 se

97 1435 138 1484 ita
148 1433 308 1494 iunxerant,
328 1439 360 1484 ut
375 1448 476 1500 prorae
491 1431 685 1497 cohaererent3
706 1449 811 1502 puppes
822 1435 907 1486 inter·

40 1561 41 1566 ¹
98 1499 183 1562 vallo,
196 1506 325 1566 quantum
337 1516 436 1568 capere
447 1507 585 1568 poterant,
601 1502 745 1553 distarent.
783 1502 824 1553 15.
844 1503 906 1552 lloc

98 1568 230 1635 puppium
244 1569 433 1631 intervallum,
456 1571 583 1620 antennis
599 1569 796 1637 asseribusque
806 1568 906 1619 validis

99 1636 244 1716 deligatis,
259 1651 397 1704 superque
408 1653 457 1688 eos
469 1635 599 1704 pontibus
611 1638 718 1700 stratis,
734 1638 780 1703 qui
790 1637 906 1687 militem

100 1710 281 1766 sustinerent,
291 1707 486 1771 impleverant:
507 1705 548 1755 sic
557 1704 708 1755 instructas
717 1703 906 1771 quadriremes

100 1772 134 1823 ad
147 1772 242 1822 urbem
255 1773 387 1840 agebant:
407 1775 471 1825 inde
482 1773 601 1824 missilia
611 1772 639 1822 in
650 1781 857 1839 propugnantes
867 1774 907 1821 in·

100 1840 270 1908 gerebantur
288 1848 358 1905 tuto,
377 1842 443 1908 quia
482 1841 554 1892 roris
573 1839 654 1889 miles
673 1840 829 1906 tegebatur.
868 1837 906 1888 lii.

99 1908 194 1959 Media
205 1924 261 1960 nox
272 1917 340 1972 erat,
356 1924 438 1975 quum
450 1858 580 1968 cissam,
597 1907 680 1958 sicuti
693 1907 796 1958 dictum
807 1914 852 1960 est
862 1922 908 1975 pa-

99 1982 198 2038 ratam,
219 1975 365 2028 circumire
385 1990 480 2026 muros
500 1974 591 2024 iubet:
610 1975 720 2041 iamque
741 1991 826 2026 naves
846 1974 909 2027 urbi

100 2045 223 2112 undique
235 2043 462 2104 admovebantur,
479 2048 507 2092 et
517 2040 598 2108 Tyrii
609 2041 804 2108 desperatione
815 2051 909 2110 torpe·

100 2113 179 2174 bant,
195 2127 278 2178 quum
292 2111 385 2161 subito
401 2110 508 2176 spissae
519 2107 606 2158 nubes
615 2110 762 2161 intendere
773 2126 804 2162 se
816 2112 909 2169 coelo,

101 2187 130 2230 et
150 2179 284 2246 quidquid
303 2178 374 2227 lucis
392 2175 586 2238 internitebat,
609 2175 700 2228 effusa
722 2178 843 2246 caligine
863 2193 912 2230 ex·

101 2247 232 2297 stinctum
244 2251 293 2295 est.
331 2246 370 2293 17.
389 2245 460 2293 Tum
470 2241 667 2295 inhorrescens
677 2259 753 2296 mare
763 2246 912 2312 paullatim

101 2313 199 2374 levari,
215 2310 325 2373 deinde,
344 2311 448 2363 acriori
458 2319 541 2362 rento
554 2312 732 2376 concitatum,
743 2311 845 2366 fluetus
855 2315 914 2364 cie·

101 2393 142 2441 re,
154 2385 183 2429 et
192 2378 304 2429 interse
315 2379 428 2446 navigia
438 2379 582 2431 collidere.
618 2380 730 2447 lamque
745 2381 835 2432 scindi
847 2397 914 2433 coe-

101 2452 201 2513 perant
210 2446 332 2508 vincula,
348 2447 447 2514 quibus
462 2462 604 2499 connexae
616 2447 810 2516 quadriremes
822 2456 912 2509 erant,

100 2527 183 2564 ruere
208 2512 349 2577 tabulata,
376 2522 406 2566 et
428 2531 489 2568 cum
510 2515 617 2582 ingenti
646 2514 761 2582 fragore
788 2519 816 2568 in
848 2532 912 2584 pro-

102 2579 217 2632 lundum
229 2595 323 2632 secum
333 2582 436 2634 milites
446 2581 567 2634 trahere.
600 2583 639 2633 18.
655 2581 753 2651 Neque
764 2586 837 2635 enim
846 2599 913 2635 eon·

104 2655 180 2698 serta
188 2648 299 2715 navigia
310 2649 367 2700 ulla
378 2665 430 2716 ope
440 2651 468 2701 in
478 2649 592 2700 turbido
603 2651 665 2716 regi
674 2657 815 2717 poterant:
829 2651 913 2702 miles

103 2714 424 2780 ministerianautarum,
443 2731 538 2768 remex
555 2716 652 2768 militis
664 2718 917 2783 officiaturbabat·,
