2048 3034
143 125 193 176 222
369 119 539 182 QUINTI
567 121 735 175 GURTII

145 241 206 277 cum
217 224 349 342 expedita
358 225 481 290 equitum
492 239 574 274 manu
583 228 763 274 monstratam
772 223 846 274 viam
855 222 956 302 ingra-

144 293 256 357 ditur,p
278 290 340 341 aian
362 307 387 353 e,
399 298 530 357 quantum
539 289 674 342 festinare
685 296 791 356 posset,
803 304 882 357 sequr
891 306 955 342 1us·

143 374 184 411 sa.
207 359 270 424 lpse
280 307 416 426 quadrato
427 360 536 426 agmine
546 357 688 420 incedens,
698 359 739 409 ita
749 373 858 409 cursum
867 371 954 424 rege·

141 426 200 488 bat,
212 432 242 477 ut
251 425 332 492 primi
344 427 476 491 coniungi
486 425 592 476 ultimis
602 433 726 491 possent.
758 427 799 476 ll.
815 423 883 476 CCC
893 433 955 476 sta-

143 493 191 546 dia
200 500 405 560 processerant,
417 508 499 559 quum
511 494 635 544 occurrit
643 492 828 554 Brocubeius‚
838 492 958 544 Mazaei

143 561 226 622 iilius,
239 561 338 627 Syriae
349 561 487 629 quondam
498 568 619 626 praetor.
644 560 670 610 is
681 575 791 626 quoque
802 558 913 610 uanrfu
938 577 956 610 a

143 629 301 690 nuntiabat,
312 627 429 680 Bessum
441 625 515 679 baud
524 628 642 693 amplius
653 642 733 695 quam
746 627 790 679 Cc
800 627 894 678 stadia
904 643 921 677 a
943 657 954 668 -

143 711 216 748 esse.
251 695 427 758 Exercitum,
448 701 546 761 utpote
556 696 603 763 qui
613 691 684 745 nibil
694 701 888 760 praecaveret,
909 694 953 745 in-

144 763 328 830 compositum
338 762 582 830 inordinatumque
593 762 755 830 procedere.
775 762 952 828 Hyrcaniam

143 831 233 882 videri
244 831 391 897 petituros.
428 829 458 882 Si
468 829 617 882 festinaret
626 831 714 896 sequi,
734 829 894 897 palantibus
906 845 951 881 su·

143 905 349 966 perventurum.
384 895 501 949 Darium
521 895 727 949 adhucrivere.
766 899 807 947 12.
828 895 950 949 Strenuo

144 966 250 1034 alioqui
261 965 441 1031 cupiditatem
451 966 640 1032 consequendi
650 964 949 1031 transfugainiecerat·

143 1035 242 1102 itaque
253 1032 410 1084 calcaribus
421 1031 551 1095 subditis,
574 1032 664 1084 effuso
676 1047 759 1084 cursu
770 1037 846 1083 eunt.
880 1033 951 1084 lam.

144 1115 198 1169 qne
213 1099 340 1150 fremitus
355 1097 475 1150 bostium
489 1101 544 1150 iter
553 1101 770 1167 ingredientium
782 1100 949 1152 exaudieba-

144 1174 202 1231 tur;
214 1167 263 1218 sed
273 1173 450 1234 prospectum
462 1168 604 1219 ademerat
614 1169 735 1234 pulveris
746 1168 843 1219 nubes.
869 1167 951 1219 Paui-

143 1235 231 1301 iisper
242 1247 310 1300 ergo
320 1232 441 1285 inhibuit
451 1249 570 1296 cursum,
579 1235 669 1287 donec
679 1237 840 1288 consideret
850 1236 949 1302 pulvis.

146 1302 186 1352 13.
205 1302 319 1368 lamque
329 1302 472 1367 conspecti
484 1317 501 1351 a
509 1301 637 1354 barbaris
647 1311 738 1366 erant,
750 1311 779 1354 et
788 1304 950 1356 abeuntium

144 1369 951 1505 iiii'biiiii‘iiiiis,iiiiiqiiiniiffidi'dizii

146 1505 327 1572 parricidium
350 1503 450 1556 iuerat.
486 1505 556 1557 Nam
577 1520 612 1558 ue
635 1511 665 1556 et
694 1522 808 1572 numero
836 1507 951 1560 barbari

144 1572 336 1640 praestabant,
350 1579 379 1624 et
391 1573 507 1625 roboret
528 1573 564 1624 ad
595 1588 629 1625 oc
638 1573 740 1624 reiecti
750 1589 811 1625 cum
822 1573 951 1642 fatigatis

145 1646 287 1692 certamen
306 1641 402 1693 inituri
421 1647 509 1693 erant.
547 1641 587 1691 11.
608 1639 663 1693 Sed
676 1657 778 1694 nomen
789 1641 950 1704 Alexandri,
1015 1669 1016 1674 =

40 1705 44 1711 “
146 1707 267 1771 etfama,
288 1711 436 1761 maximum
446 1710 474 1759 in
484 1709 559 1760 bello
571 1709 666 1775 utique
676 1716 855 1773 momentum,
876 1712 950 1776 pari·
1015 1725 1016 1746 ¹

146 1778 197 1828 dos
208 1779 236 1828 in
246 1777 341 1846 fugam
353 1779 500 1830 convertit.
538 1776 577 1826 15.
597 1776 715 1840 Bessus,
736 1783 765 1830 et
778 1779 868 1829 ceteri
883 1777 951 1829 iaci-

146 1842 222 1897 n'oris
234 1847 294 1896 eius
304 1845 469 1912 participes,
480 1842 638 1896 vehiculum
648 1844 728 1895 Darii
739 1848 876 1909 assecuti,
888 1859 951 1897 coe-

165 1920 247 1964 erunt
266 1911 370 1963 hortari
392 1927 463 1974 eum,
483 1920 514 1962 ut
533 1913 736 1965 conscenderet
749 1928 861 1980 equum,
883 1921 951 1966 etse

144 1929 220 2032 tosti
241 1979 309 2045 fuga
328 1980 458 2045 eriperet.
495 1978 535 2030 16.
554 1979 605 2030 lile
625 1979 702 2031 Deos
721 1980 828 2032 ultores
849 1981 951 2034 adesse

145 2054 273 2108 testatur,
287 2052 316 2096 ct
324 2045 473 2096 Alexandri
484 2046 566 2097 iidem
578 2047 740 2114 implorans,
747 2055 881 2116 negat‚sc
891 2064 952 2116 par-

144 2115 248 2165 ricidas
259 2111 333 2162 velie
344 2113 480 2162 comitari.
517 2115 587 2164 Tum
597 2131 664 2166 vero
676 2117 719 2166 ira
728 2131 840 2183 quoque
851 2131 952 2170 accen·

145 2182 179 2243 si,
192 2181 250 2232 tela
260 2179 388 2230 iniiciunt
396 2180 425 2230 in
436 2195 544 2246 regem
560 2184 708 2249 multisque
719 2183 884 2235 confossum
895 2187 953 2237 vul·

145 2248 257 2298 neribus
269 2247 434 2312 relinquunt.
472 2250 512 2299 17,
523 2250 648 2301 lumenta
658 2265 778 2318 quoque,
789 2267 824 2302 ne
837 2252 952 2321 longius

143 2314 276 2381 prosequi
288 2321 410 2382 possent,
419 2317 663 2382 convulnerentur3
675 2320 783 2370 duobus
795 2321 898 2383 servis,
907 2321 953 2388 qui
1011 2329 1013 2370 3

143 2396 239 2448 regem
255 2384 467 2447 comitabantur,
479 2385 590 2436 occisis.
624 2386 666 2435 18.
677 2386 741 2436 Hoc
753 2387 831 2437 editu
842 2386 953 2440 facino·

143 2463 187 2511 rc,
198 2461 229 2500 ut
238 2452 357 2517 vestigia
367 2450 450 2518 fugae
461 2459 637 2520 spargerent,
647 2453 829 2506 Nabarzanes
840 2457 952 2523 Hyrca·

129 2518 226 2579 niam,
247 2518 350 2575 Bessus
361 2519 470 2581 Bactra,
489 2521 585 2587 paucis
600 2522 723 2587 equitum
738 2522 952 2585 comitantibus,
1010 2565 1011 2568 ,

143 2586 288 2651 petebant:
309 2587 430 2651 barbari,
453 2588 568 2639 ducibus
583 2590 718 2653 destituti,
738 2606 792 2658 qua
809 2605 952 2659 quemque

143 2659 192 2706 aut
202 2669 266 2720 spes
281 2654 409 2718 ducebat,
429 2663 477 2706 aut
490 2671 586 2722 pavor,
608 2658 826 2725 dissipabantur:
847 2658 875 2708 D
891 2666 953 2710 tan·
