<?xml version="1.0" encoding="UTF-8"?>
<!DOCTYPE html PUBLIC "-//W3C//DTD XHTML 1.0 Transitional//EN"
    "http://www.w3.org/TR/xhtml1/DTD/xhtml1-transitional.dtd">
<html xmlns="http://www.w3.org/1999/xhtml" xml:lang="en" lang="en">
 <head>
  <title>
</title>
<meta http-equiv="Content-Type" content="text/html;charset=utf-8" />
  <meta name='ocr-system' content='tesseract 3.04.00' />
  <meta name='ocr-capabilities' content='ocr_page ocr_carea ocr_par ocr_line ocrx_word'/>
</head>
<body>
  <div class='ocr_page' id='page_1' title='image "./qcurtiirufidere00johagoog_0042.png"; bbox 0 0 2036 3030; ppageno 0'>
   <div class='ocr_carea' id='block_1_1' title="bbox 134 159 748 212">
    <p class='ocr_par' dir='ltr' id='par_1_1' title="bbox 134 159 748 212">
     <span class='ocr_line' id='line_1_1' title="bbox 134 159 748 212; baseline -0.005 -1"><span class='ocrx_word' id='word_1_1' title='bbox 134 161 166 211; x_wconf 84' lang='lat'><strong>30</strong></span> <span class='ocrx_word' id='word_1_2' title='bbox 321 159 454 210; x_wconf 68' lang='lat' dir='ltr'><strong>lonn&#39;a.</strong></span> <span class='ocrx_word' id='word_1_3' title='bbox 474 159 748 212; x_wconf 79' lang='lat' dir='ltr'><strong>FRElNSHEhlll</strong></span> 
     </span>
    </p>
   </div>
   <div class='ocr_carea' id='block_1_2' title="bbox 132 257 942 2012">
    <p class='ocr_par' dir='ltr' id='par_1_2' title="bbox 132 257 942 2012">
     <span class='ocr_line' id='line_1_2' title="bbox 134 257 942 326; baseline 0.002 -15"><span class='ocrx_word' id='word_1_4' title='bbox 134 261 225 326; x_wconf 87' lang='lat' dir='ltr'><strong>capite</strong></span> <span class='ocrx_word' id='word_1_5' title='bbox 235 257 411 325; x_wconf 78' lang='lat' dir='ltr'><strong>fortunisque</strong></span> <span class='ocrx_word' id='word_1_6' title='bbox 423 261 548 310; x_wconf 90' lang='lat' dir='ltr'><strong>omnihus</strong></span> <span class='ocrx_word' id='word_1_7' title='bbox 560 261 733 312; x_wconf 91' lang='lat' dir='ltr'><strong>dimicaturo.</strong></span> <span class='ocrx_word' id='word_1_8' title='bbox 769 259 793 310; x_wconf 84' lang='lat' dir='ltr'><strong>t.</strong></span> <span class='ocrx_word' id='word_1_9' title='bbox 809 261 849 310; x_wconf 78' lang='lat' dir='ltr'><strong>Nc</strong></span> <span class='ocrx_word' id='word_1_10' title='bbox 862 261 942 313; x_wconf 85' lang='lat' dir='ltr'><strong>The-</strong></span> 
     </span>
     <span class='ocr_line' id='line_1_3' title="bbox 132 324 939 394; baseline 0.004 -17"><span class='ocrx_word' id='word_1_11' title='bbox 132 330 267 377; x_wconf 89' lang='lat' dir='ltr'><strong>banorum</strong></span> <span class='ocrx_word' id='word_1_12' title='bbox 283 324 392 392; x_wconf 89' lang='lat' dir='ltr'><strong>quidem</strong></span> <span class='ocrx_word' id='word_1_13' title='bbox 404 329 541 393; x_wconf 82' lang='lat' dir='ltr'><strong>principes</strong></span> <span class='ocrx_word' id='word_1_14' title='bbox 553 343 569 378; x_wconf 95' lang='lat' dir='ltr'><strong>a</strong></span> <span class='ocrx_word' id='word_1_15' title='bbox 579 329 655 394; x_wconf 84' lang='lat' dir='ltr'><strong>pacis</strong></span> <span class='ocrx_word' id='word_1_16' title='bbox 667 328 791 378; x_wconf 81' lang='lat' dir='ltr'><strong>consiliis</strong></span> <span class='ocrx_word' id='word_1_17' title='bbox 803 327 939 380; x_wconf 89' lang='lat' dir='ltr'><strong>abhorre·</strong></span> 
     </span>
     <span class='ocr_line' id='line_1_4' title="bbox 133 392 939 458; baseline 0.002 -14"><span class='ocrx_word' id='word_1_18' title='bbox 133 397 212 457; x_wconf 89' lang='lat' dir='ltr'><strong>bant;</strong></span> <span class='ocrx_word' id='word_1_19' title='bbox 224 393 274 444; x_wconf 89' lang='lat' dir='ltr'><strong>sed</strong></span> <span class='ocrx_word' id='word_1_20' title='bbox 283 392 490 445; x_wconf 89' lang='lat' dir='ltr'><strong>Atheniensium</strong></span> <span class='ocrx_word' id='word_1_21' title='bbox 498 397 581 444; x_wconf 89' lang='lat' dir='ltr'><strong>ardor</strong></span> <span class='ocrx_word' id='word_1_22' title='bbox 590 396 685 458; x_wconf 88' lang='lat' dir='ltr'><strong>evicit,</strong></span> <span class='ocrx_word' id='word_1_23' title='bbox 699 403 730 446; x_wconf 93' lang='lat' dir='ltr'><strong>ut</strong></span> <span class='ocrx_word' id='word_1_24' title='bbox 741 411 835 445; x_wconf 75' lang='lat' dir='ltr'><strong>omnies</strong></span> <span class='ocrx_word' id='word_1_25' title='bbox 848 396 939 446; x_wconf 83' lang='lat' dir='ltr'><strong>Grae-</strong></span> 
     </span>
     <span class='ocr_line' id='line_1_5' title="bbox 133 460 938 530; baseline 0.004 -19"><span class='ocrx_word' id='word_1_26' title='bbox 133 461 192 512; x_wconf 89' lang='lat' dir='ltr'><strong>ciae</strong></span> <span class='ocrx_word' id='word_1_27' title='bbox 208 476 272 526; x_wconf 88' lang='lat' dir='ltr'><strong>spes</strong></span> <span class='ocrx_word' id='word_1_28' title='bbox 292 475 413 527; x_wconf 88' lang='lat' dir='ltr'><strong>opesque</strong></span> <span class='ocrx_word' id='word_1_29' title='bbox 428 465 507 512; x_wconf 90' lang='lat' dir='ltr'><strong>unius</strong></span> <span class='ocrx_word' id='word_1_30' title='bbox 523 462 624 528; x_wconf 89' lang='lat' dir='ltr'><strong>proelii</strong></span> <span class='ocrx_word' id='word_1_31' title='bbox 643 460 772 513; x_wconf 79' lang='lat' dir='ltr'><strong>fortunae</strong></span> <span class='ocrx_word' id='word_1_32' title='bbox 791 464 938 530; x_wconf 89' lang='lat' dir='ltr'><strong>permitte·</strong></span> 
     </span>
     <span class='ocr_line' id='line_1_6' title="bbox 133 529 940 580; baseline 0.001 -1"><span class='ocrx_word' id='word_1_33' title='bbox 133 536 236 579; x_wconf 86' lang='lat' dir='ltr'><strong>rentur.</strong></span> <span class='ocrx_word' id='word_1_34' title='bbox 271 529 427 580; x_wconf 82' lang='lat' dir='ltr'>Alexander</span> <span class='ocrx_word' id='word_1_35' title='bbox 441 531 524 580; x_wconf 90' lang='lat' dir='ltr'><strong>etiam</strong></span> <span class='ocrx_word' id='word_1_36' title='bbox 539 530 702 580; x_wconf 91' lang='lat' dir='ltr'><strong>immodicus</strong></span> <span class='ocrx_word' id='word_1_37' title='bbox 716 531 799 580; x_wconf 89' lang='lat' dir='ltr'><strong>animi</strong></span> <span class='ocrx_word' id='word_1_38' title='bbox 812 531 940 580; x_wconf 87' lang='lat' dir='ltr'><strong>testaba-</strong></span> 
     </span>
     <span class='ocr_line' id='line_1_7' title="bbox 135 597 938 663; baseline 0.002 -17"><span class='ocrx_word' id='word_1_39' title='bbox 135 607 179 646; x_wconf 85' lang='lat' dir='ltr'><strong>tur</strong></span> <span class='ocrx_word' id='word_1_40' title='bbox 188 602 302 662; x_wconf 88' lang='lat' dir='ltr'><strong>patrem,</strong></span> <span class='ocrx_word' id='word_1_41' title='bbox 316 612 348 646; x_wconf 88' lang='lat' dir='ltr'><strong>ne</strong></span> <span class='ocrx_word' id='word_1_42' title='bbox 359 602 462 646; x_wconf 92' lang='lat' dir='ltr'><strong>tantam</strong></span> <span class='ocrx_word' id='word_1_43' title='bbox 474 597 581 663; x_wconf 85' lang='lat' dir='ltr'><strong>gloriae</strong></span> <span class='ocrx_word' id='word_1_44' title='bbox 594 599 769 650; x_wconf 82' lang='lat' dir='ltr'><strong>occasionem</strong></span> <span class='ocrx_word' id='word_1_45' title='bbox 782 613 796 647; x_wconf 89' lang='lat' dir='ltr'><strong>e</strong></span> <span class='ocrx_word' id='word_1_46' title='bbox 808 598 938 648; x_wconf 89' lang='lat' dir='ltr'><strong>manibus</strong></span> 
     </span>
     <span class='ocr_line' id='line_1_8' title="bbox 135 664 938 730; baseline 0.002 -18"><span class='ocrx_word' id='word_1_47' title='bbox 135 664 207 716; x_wconf 82' lang='lat' dir='ltr'><strong>elabi</strong></span> <span class='ocrx_word' id='word_1_48' title='bbox 219 664 335 715; x_wconf 88' lang='lat' dir='ltr'><strong>sineret:</strong></span> <span class='ocrx_word' id='word_1_49' title='bbox 357 679 446 729; x_wconf 87' lang='lat' dir='ltr'><strong>ecque</strong></span> <span class='ocrx_word' id='word_1_50' title='bbox 456 665 567 714; x_wconf 88' lang='lat' dir='ltr'><strong>tandem</strong></span> <span class='ocrx_word' id='word_1_51' title='bbox 577 665 710 729; x_wconf 90' lang='lat' dir='ltr'><strong>impulso,</strong></span> <span class='ocrx_word' id='word_1_52' title='bbox 726 666 827 730; x_wconf 91' lang='lat' dir='ltr'><strong>primus</strong></span> <span class='ocrx_word' id='word_1_53' title='bbox 842 667 870 714; x_wconf 91' lang='lat' dir='ltr'><strong>in</strong></span> <span class='ocrx_word' id='word_1_54' title='bbox 886 665 938 715; x_wconf 92' lang='lat' dir='ltr'><strong>ho-</strong></span> 
     </span>
     <span class='ocr_line' id='line_1_9' title="bbox 135 729 941 799; baseline 0.002 -19"><span class='ocrx_word' id='word_1_55' title='bbox 135 738 204 781; x_wconf 85' lang='lat' dir='ltr'><strong>stem</strong></span> <span class='ocrx_word' id='word_1_56' title='bbox 215 735 346 797; x_wconf 88' lang='lat' dir='ltr'><strong>impetum</strong></span> <span class='ocrx_word' id='word_1_57' title='bbox 356 729 433 782; x_wconf 87' lang='lat' dir='ltr'><strong>fecit.</strong></span> <span class='ocrx_word' id='word_1_58' title='bbox 468 733 492 783; x_wconf 75' lang='lat' dir='ltr'><strong>i.</strong></span> <span class='ocrx_word' id='word_1_59' title='bbox 513 732 666 799; x_wconf 87' lang='lat' dir='ltr'><strong>Pugnatum</strong></span> <span class='ocrx_word' id='word_1_60' title='bbox 678 739 721 782; x_wconf 90' lang='lat' dir='ltr'><strong>est</strong></span> <span class='ocrx_word' id='word_1_61' title='bbox 731 733 834 782; x_wconf 87' lang='lat' dir='ltr'><strong>acriter</strong></span> <span class='ocrx_word' id='word_1_62' title='bbox 849 733 941 782; x_wconf 91' lang='lat' dir='ltr'><strong>ambi·</strong></span> 
     </span>
     <span class='ocr_line' id='line_1_10' title="bbox 135 798 937 867; baseline 0.001 -18"><span class='ocrx_word' id='word_1_63' title='bbox 135 815 188 865; x_wconf 82' lang='lat' dir='ltr'><strong>gua</strong></span> <span class='ocrx_word' id='word_1_64' title='bbox 200 799 247 850; x_wconf 92' lang='lat' dir='ltr'><strong>diu</strong></span> <span class='ocrx_word' id='word_1_65' title='bbox 258 800 384 860; x_wconf 84' lang='lat' dir='ltr'><strong>victoria,</strong></span> <span class='ocrx_word' id='word_1_66' title='bbox 398 798 488 850; x_wconf 85' lang='lat' dir='ltr'><strong>donec</strong></span> <span class='ocrx_word' id='word_1_67' title='bbox 497 799 674 859; x_wconf 81' lang='lat' dir='ltr'><strong>adolescens,</strong></span> <span class='ocrx_word' id='word_1_68' title='bbox 696 814 776 867; x_wconf 92' lang='lat' dir='ltr'><strong>quem</strong></span> <span class='ocrx_word' id='word_1_69' title='bbox 787 816 848 850; x_wconf 93' lang='lat' dir='ltr'><strong>cum</strong></span> <span class='ocrx_word' id='word_1_70' title='bbox 859 799 937 850; x_wconf 87' lang='lat' dir='ltr'><strong>dele-</strong></span> 
     </span>
     <span class='ocr_line' id='line_1_11' title="bbox 135 867 938 935; baseline 0.001 -19"><span class='ocrx_word' id='word_1_71' title='bbox 135 867 185 917; x_wconf 84' lang='lat' dir='ltr'><strong>ctis</strong></span> <span class='ocrx_word' id='word_1_72' title='bbox 199 867 280 917; x_wconf 85' lang='lat' dir='ltr'><strong>alteri</strong></span> <span class='ocrx_word' id='word_1_73' title='bbox 294 881 425 918; x_wconf 87' lang='lat' dir='ltr'><strong>cornuum</strong></span> <span class='ocrx_word' id='word_1_74' title='bbox 436 867 610 932; x_wconf 81' lang='lat' dir='ltr'><strong>praefecerat</strong></span> <span class='ocrx_word' id='word_1_75' title='bbox 620 874 709 935; x_wconf 85' lang='lat' dir='ltr'><strong>pater,</strong></span> <span class='ocrx_word' id='word_1_76' title='bbox 731 883 836 918; x_wconf 88' lang='lat' dir='ltr'><strong>summa</strong></span> <span class='ocrx_word' id='word_1_77' title='bbox 850 868 938 917; x_wconf 89' lang='lat' dir='ltr'><strong>animi</strong></span> 
     </span>
     <span class='ocr_line' id='line_1_12' title="bbox 134 934 937 1001; baseline 0 -17"><span class='ocrx_word' id='word_1_78' title='bbox 134 935 287 1001; x_wconf 84' lang='lat' dir='ltr'><strong>viriumque</strong></span> <span class='ocrx_word' id='word_1_79' title='bbox 299 934 476 984; x_wconf 81' lang='lat' dir='ltr'><strong>contentione</strong></span> <span class='ocrx_word' id='word_1_80' title='bbox 488 936 635 996; x_wconf 85' lang='lat' dir='ltr'><strong>connixus,</strong></span> <span class='ocrx_word' id='word_1_81' title='bbox 649 950 728 986; x_wconf 89' lang='lat' dir='ltr'><strong>sacra</strong></span> <span class='ocrx_word' id='word_1_82' title='bbox 738 934 937 986; x_wconf 80' lang='lat' dir='ltr'><strong>Thebanorum</strong></span> 
     </span>
     <span class='ocr_line' id='line_1_13' title="bbox 134 1000 936 1066; baseline -0.002 -12"><span class='ocrx_word' id='word_1_83' title='bbox 134 1000 259 1061; x_wconf 86' lang='lat' dir='ltr'><strong>cohorte,</strong></span> <span class='ocrx_word' id='word_1_84' title='bbox 271 1015 341 1066; x_wconf 91' lang='lat' dir='ltr'><strong>quae</strong></span> <span class='ocrx_word' id='word_1_85' title='bbox 353 1013 388 1049; x_wconf 83' lang='lat' dir='ltr'><strong>ex</strong></span> <span class='ocrx_word' id='word_1_86' title='bbox 399 1001 509 1064; x_wconf 90' lang='lat' dir='ltr'><strong>optimis</strong></span> <span class='ocrx_word' id='word_1_87' title='bbox 520 1002 674 1064; x_wconf 81' lang='lat' dir='ltr'><strong>constabat,</strong></span> <span class='ocrx_word' id='word_1_88' title='bbox 683 1003 838 1064; x_wconf 90' lang='lat' dir='ltr'><strong>locomota,</strong></span> <span class='ocrx_word' id='word_1_89' title='bbox 846 1003 936 1053; x_wconf 87' lang='lat' dir='ltr'><strong>victo-</strong></span> 
     </span>
     <span class='ocr_line' id='line_1_14' title="bbox 134 1067 939 1132; baseline 0 -12"><span class='ocrx_word' id='word_1_90' title='bbox 134 1073 192 1120; x_wconf 90' lang='lat' dir='ltr'><strong>riae</strong></span> <span class='ocrx_word' id='word_1_91' title='bbox 204 1069 276 1117; x_wconf 87' lang='lat' dir='ltr'><strong>viam</strong></span> <span class='ocrx_word' id='word_1_92' title='bbox 287 1067 403 1132; x_wconf 90' lang='lat' dir='ltr'><strong>aperuit.</strong></span> <span class='ocrx_word' id='word_1_93' title='bbox 439 1069 463 1118; x_wconf 91' lang='lat'><strong>8.</strong></span> <span class='ocrx_word' id='word_1_94' title='bbox 481 1067 550 1119; x_wconf 92' lang='lat' dir='ltr'><strong>Nam</strong></span> <span class='ocrx_word' id='word_1_95' title='bbox 562 1077 590 1118; x_wconf 90' lang='lat' dir='ltr'><strong>ct</strong></span> <span class='ocrx_word' id='word_1_96' title='bbox 599 1067 782 1120; x_wconf 80' lang='lat' dir='ltr'><strong>Athenienses</strong></span> <span class='ocrx_word' id='word_1_97' title='bbox 794 1071 939 1120; x_wconf 88' lang='lat' dir='ltr'><strong>sociorum</strong></span> 
     </span>
     <span class='ocr_line' id='line_1_15' title="bbox 136 1133 938 1204; baseline 0.002 -18"><span class='ocrx_word' id='word_1_98' title='bbox 136 1137 293 1186; x_wconf 85' lang='lat' dir='ltr'><strong>calamitate</strong></span> <span class='ocrx_word' id='word_1_99' title='bbox 303 1133 393 1195; x_wconf 86' lang='lat' dir='ltr'><strong>fracti,</strong></span> <span class='ocrx_word' id='word_1_100' title='bbox 403 1142 537 1202; x_wconf 86' lang='lat' dir='ltr'><strong>aestuque</strong></span> <span class='ocrx_word' id='word_1_101' title='bbox 548 1143 576 1186; x_wconf 91' lang='lat' dir='ltr'><strong>et</strong></span> <span class='ocrx_word' id='word_1_102' title='bbox 586 1136 745 1187; x_wconf 90' lang='lat' dir='ltr'><strong>vulneribus</strong></span> <span class='ocrx_word' id='word_1_103' title='bbox 754 1137 938 1204; x_wconf 82' lang='lat' dir='ltr'><strong>fatigati,non</strong></span> 
     </span>
     <span class='ocr_line' id='line_1_16' title="bbox 135 1202 940 1272; baseline 0.004 -19"><span class='ocrx_word' id='word_1_104' title='bbox 135 1203 252 1267; x_wconf 90' lang='lat' dir='ltr'><strong>amplius</strong></span> <span class='ocrx_word' id='word_1_105' title='bbox 274 1202 430 1252; x_wconf 87' lang='lat' dir='ltr'><strong>sustinuere</strong></span> <span class='ocrx_word' id='word_1_106' title='bbox 452 1203 635 1254; x_wconf 87' lang='lat' dir='ltr'><strong>Macedonum</strong></span> <span class='ocrx_word' id='word_1_107' title='bbox 661 1204 804 1270; x_wconf 89' lang='lat' dir='ltr'><strong>impetum:</strong></span> <span class='ocrx_word' id='word_1_108' title='bbox 834 1206 940 1272; x_wconf 90' lang='lat' dir='ltr'><strong>quippe</strong></span> 
     </span>
     <span class='ocr_line' id='line_1_17' title="bbox 136 1269 939 1337; baseline 0.004 -18"><span class='ocrx_word' id='word_1_109' title='bbox 136 1269 279 1336; x_wconf 90' lang='lat' dir='ltr'><strong>Philippus</strong></span> <span class='ocrx_word' id='word_1_110' title='bbox 290 1269 475 1320; x_wconf 88' lang='lat' dir='ltr'><strong>aemulatione</strong></span> <span class='ocrx_word' id='word_1_111' title='bbox 492 1277 520 1320; x_wconf 92' lang='lat' dir='ltr'><strong>et</strong></span> <span class='ocrx_word' id='word_1_112' title='bbox 534 1270 654 1337; x_wconf 90' lang='lat' dir='ltr'><strong>pudore,</strong></span> <span class='ocrx_word' id='word_1_113' title='bbox 670 1272 694 1322; x_wconf 91' lang='lat' dir='ltr'><strong>si</strong></span> <span class='ocrx_word' id='word_1_114' title='bbox 705 1272 762 1322; x_wconf 88' lang='lat' dir='ltr'><strong>lilio</strong></span> <span class='ocrx_word' id='word_1_115' title='bbox 774 1271 939 1323; x_wconf 85' lang='lat' dir='ltr'><strong>adolescen-</strong></span> 
     </span>
     <span class='ocr_line' id='line_1_18' title="bbox 134 1337 937 1406; baseline 0.002 -18"><span class='ocrx_word' id='word_1_116' title='bbox 134 1345 162 1388; x_wconf 89' lang='lat' dir='ltr'><strong>te</strong></span> <span class='ocrx_word' id='word_1_117' title='bbox 182 1337 305 1387; x_wconf 86' lang='lat' dir='ltr'><strong>deterior</strong></span> <span class='ocrx_word' id='word_1_118' title='bbox 321 1337 470 1400; x_wconf 84' lang='lat' dir='ltr'><strong>videretnr,</strong></span> <span class='ocrx_word' id='word_1_119' title='bbox 491 1339 582 1406; x_wconf 81' lang='lat' dir='ltr'><strong>gravis</strong></span> <span class='ocrx_word' id='word_1_120' title='bbox 598 1339 844 1406; x_wconf 82' lang='lat' dir='ltr'><strong>intolerandasque</strong></span> <span class='ocrx_word' id='word_1_121' title='bbox 860 1341 937 1390; x_wconf 91' lang='lat' dir='ltr'><strong>incn-</strong></span> 
     </span>
     <span class='ocr_line' id='line_1_19' title="bbox 135 1403 937 1474; baseline 0.004 -20"><span class='ocrx_word' id='word_1_122' title='bbox 135 1405 242 1454; x_wconf 89' lang='lat' dir='ltr'><strong>buerat.</strong></span> <span class='ocrx_word' id='word_1_123' title='bbox 278 1403 302 1454; x_wconf 80' lang='lat'><strong>9.</strong></span> <span class='ocrx_word' id='word_1_124' title='bbox 322 1403 364 1454; x_wconf 89' lang='lat' dir='ltr'><strong>lta</strong></span> <span class='ocrx_word' id='word_1_125' title='bbox 379 1404 413 1456; x_wconf 89' lang='lat' dir='ltr'><strong>de</strong></span> <span class='ocrx_word' id='word_1_126' title='bbox 426 1405 555 1456; x_wconf 87' lang='lat' dir='ltr'><strong>libertate</strong></span> <span class='ocrx_word' id='word_1_127' title='bbox 569 1404 704 1456; x_wconf 85' lang='lat' dir='ltr'><strong>Graeciae</strong></span> <span class='ocrx_word' id='word_1_128' title='bbox 721 1408 775 1457; x_wconf 89' lang='lat' dir='ltr'><strong>ista</strong></span> <span class='ocrx_word' id='word_1_129' title='bbox 785 1423 878 1474; x_wconf 79' lang='lat' dir='ltr'><strong>pugna</strong></span> <span class='ocrx_word' id='word_1_130' title='bbox 890 1408 937 1457; x_wconf 88' lang='lat' dir='ltr'><strong>dc-</strong></span> 
     </span>
     <span class='ocr_line' id='line_1_20' title="bbox 135 1471 938 1541; baseline 0.001 -18"><span class='ocrx_word' id='word_1_131' title='bbox 135 1477 241 1523; x_wconf 88' lang='lat' dir='ltr'><strong>cretum</strong></span> <span class='ocrx_word' id='word_1_132' title='bbox 260 1478 309 1523; x_wconf 90' lang='lat' dir='ltr'><strong>est.</strong></span> <span class='ocrx_word' id='word_1_133' title='bbox 348 1471 514 1524; x_wconf 82' lang='lat' dir='ltr'><strong>Ceciderunt</strong></span> <span class='ocrx_word' id='word_1_134' title='bbox 535 1488 569 1524; x_wconf 83' lang='lat' dir='ltr'><strong>ex</strong></span> <span class='ocrx_word' id='word_1_135' title='bbox 586 1472 799 1526; x_wconf 81' lang='lat' dir='ltr'><strong>Atheniensibus</strong></span> <span class='ocrx_word' id='word_1_136' title='bbox 819 1475 938 1541; x_wconf 89' lang='lat' dir='ltr'><strong>amplius</strong></span> 
     </span>
     <span class='ocr_line' id='line_1_21' title="bbox 134 1538 939 1609; baseline 0.002 -19"><span class='ocrx_word' id='word_1_137' title='bbox 134 1539 220 1601; x_wconf 86' lang='lat' dir='ltr'><strong>mille,</strong></span> <span class='ocrx_word' id='word_1_138' title='bbox 231 1555 315 1605; x_wconf 89' lang='lat' dir='ltr'><strong>supra</strong></span> <span class='ocrx_word' id='word_1_139' title='bbox 325 1538 379 1589; x_wconf 93' lang='lat' dir='ltr'><strong>duo</strong></span> <span class='ocrx_word' id='word_1_140' title='bbox 388 1540 475 1590; x_wconf 87' lang='lat' dir='ltr'><strong>millia</strong></span> <span class='ocrx_word' id='word_1_141' title='bbox 485 1544 558 1607; x_wconf 88' lang='lat' dir='ltr'><strong>capti</strong></span> <span class='ocrx_word' id='word_1_142' title='bbox 569 1539 660 1592; x_wconf 83' lang='lat' dir='ltr'><strong>fuere:</strong></span> <span class='ocrx_word' id='word_1_143' title='bbox 673 1543 813 1592; x_wconf 85' lang='lat' dir='ltr'><strong>sociorum</strong></span> <span class='ocrx_word' id='word_1_144' title='bbox 825 1554 939 1609; x_wconf 88' lang='lat' dir='ltr'><strong>quoque</strong></span> 
     </span>
     <span class='ocr_line' id='line_1_22' title="bbox 135 1606 934 1673; baseline 0.003 -17"><span class='ocrx_word' id='word_1_145' title='bbox 135 1606 213 1662; x_wconf 90' lang='lat' dir='ltr'><strong>multi</strong></span> <span class='ocrx_word' id='word_1_146' title='bbox 232 1613 280 1657; x_wconf 90' lang='lat' dir='ltr'><strong>aut</strong></span> <span class='ocrx_word' id='word_1_147' title='bbox 297 1608 445 1673; x_wconf 84' lang='lat' dir='ltr'><strong>pugnando</strong></span> <span class='ocrx_word' id='word_1_148' title='bbox 465 1616 581 1660; x_wconf 87' lang='lat' dir='ltr'><strong>mortem</strong></span> <span class='ocrx_word' id='word_1_149' title='bbox 597 1608 794 1672; x_wconf 88' lang='lat' dir='ltr'><strong>occubuerunt,</strong></span> <span class='ocrx_word' id='word_1_150' title='bbox 813 1616 861 1660; x_wconf 91' lang='lat' dir='ltr'><strong>aut</strong></span> <span class='ocrx_word' id='word_1_151' title='bbox 880 1611 934 1661; x_wconf 87' lang='lat' dir='ltr'><strong>vivi</strong></span> 
     </span>
     <span class='ocr_line' id='line_1_23' title="bbox 134 1674 936 1744; baseline 0.004 -21"><span class='ocrx_word' id='word_1_152' title='bbox 134 1681 269 1728; x_wconf 86' lang='lat' dir='ltr'><strong>venerunt</strong></span> <span class='ocrx_word' id='word_1_153' title='bbox 288 1674 316 1724; x_wconf 89' lang='lat' dir='ltr'><strong>in</strong></span> <span class='ocrx_word' id='word_1_154' title='bbox 335 1682 502 1740; x_wconf 88' lang='lat' dir='ltr'><strong>potestatem</strong></span> <span class='ocrx_word' id='word_1_155' title='bbox 523 1678 646 1729; x_wconf 86' lang='lat' dir='ltr'><strong>victoris.</strong></span> <span class='ocrx_word' id='word_1_156' title='bbox 685 1679 724 1728; x_wconf 87' lang='lat'><strong>10.</strong></span> <span class='ocrx_word' id='word_1_157' title='bbox 747 1677 851 1728; x_wconf 90' lang='lat' dir='ltr'><strong>Missus</strong></span> <span class='ocrx_word' id='word_1_158' title='bbox 870 1684 936 1744; x_wconf 91' lang='lat' dir='ltr'><strong>post</strong></span> 
     </span>
     <span class='ocr_line' id='line_1_24' title="bbox 135 1740 936 1810; baseline 0.002 -18"><span class='ocrx_word' id='word_1_159' title='bbox 135 1741 204 1792; x_wconf 87' lang='lat' dir='ltr'><strong>haee</strong></span> <span class='ocrx_word' id='word_1_160' title='bbox 214 1740 334 1793; x_wconf 82' lang='lat' dir='ltr'><strong>Athenas</strong></span> <span class='ocrx_word' id='word_1_161' title='bbox 350 1743 507 1808; x_wconf 76' lang='lat' dir='ltr'><strong>Alexander</strong></span> <span class='ocrx_word' id='word_1_162' title='bbox 521 1747 628 1796; x_wconf 88' lang='lat' dir='ltr'><strong>reniam</strong></span> <span class='ocrx_word' id='word_1_163' title='bbox 643 1745 808 1795; x_wconf 86' lang='lat' dir='ltr'><strong>delictorum</strong></span> <span class='ocrx_word' id='word_1_164' title='bbox 827 1759 936 1810; x_wconf 85' lang='lat' dir='ltr'><strong>pacem-</strong></span> 
     </span>
     <span class='ocr_line' id='line_1_25' title="bbox 135 1809 936 1878; baseline 0.001 -18"><span class='ocrx_word' id='word_1_165' title='bbox 135 1825 188 1877; x_wconf 86' lang='lat' dir='ltr'><strong>que</strong></span> <span class='ocrx_word' id='word_1_166' title='bbox 198 1809 412 1863; x_wconf 87' lang='lat' dir='ltr'><strong>Atheniensibus</strong></span> <span class='ocrx_word' id='word_1_167' title='bbox 423 1810 580 1878; x_wconf 89' lang='lat' dir='ltr'><strong>Philippum</strong></span> <span class='ocrx_word' id='word_1_168' title='bbox 595 1815 660 1862; x_wconf 88' lang='lat' dir='ltr'><strong>dare</strong></span> <span class='ocrx_word' id='word_1_169' title='bbox 676 1813 877 1878; x_wconf 86' lang='lat' dir='ltr'><strong>pronuntiavit:</strong></span> <span class='ocrx_word' id='word_1_170' title='bbox 892 1827 936 1862; x_wconf 89' lang='lat' dir='ltr'><strong>ca-</strong></span> 
     </span>
     <span class='ocr_line' id='line_1_26' title="bbox 134 1879 939 1946; baseline 0 -17"><span class='ocrx_word' id='word_1_171' title='bbox 134 1881 225 1943; x_wconf 87' lang='lat' dir='ltr'><strong>ptivos</strong></span> <span class='ocrx_word' id='word_1_172' title='bbox 239 1880 321 1930; x_wconf 85' lang='lat' dir='ltr'><strong>etiam</strong></span> <span class='ocrx_word' id='word_1_173' title='bbox 332 1880 419 1946; x_wconf 88' lang='lat' dir='ltr'><strong>gratis</strong></span> <span class='ocrx_word' id='word_1_174' title='bbox 436 1879 565 1942; x_wconf 87' lang='lat' dir='ltr'><strong>redderc;</strong></span> <span class='ocrx_word' id='word_1_175' title='bbox 582 1895 635 1928; x_wconf 90' lang='lat' dir='ltr'><strong>nec</strong></span> <span class='ocrx_word' id='word_1_176' title='bbox 650 1887 758 1941; x_wconf 86' lang='lat' dir='ltr'><strong>vetare,</strong></span> <span class='ocrx_word' id='word_1_177' title='bbox 773 1881 838 1946; x_wconf 92' lang='lat' dir='ltr'><strong>quin</strong></span> <span class='ocrx_word' id='word_1_178' title='bbox 849 1881 939 1931; x_wconf 86' lang='lat' dir='ltr'><strong>occisi</strong></span> 
     </span>
     <span class='ocr_line' id='line_1_27' title="bbox 133 1946 936 2012; baseline 0.004 -18"><span class='ocrx_word' id='word_1_179' title='bbox 133 1946 347 1997; x_wconf 87' lang='lat' dir='ltr'><strong>tumularentur:</strong></span> <span class='ocrx_word' id='word_1_180' title='bbox 367 1947 467 2012; x_wconf 88' lang='lat' dir='ltr'><strong>quippe</strong></span> <span class='ocrx_word' id='word_1_181' title='bbox 478 1961 537 2007; x_wconf 84' lang='lat' dir='ltr'><strong>rex,</strong></span> <span class='ocrx_word' id='word_1_182' title='bbox 550 1947 673 1996; x_wconf 91' lang='lat' dir='ltr'><strong>intentus</strong></span> <span class='ocrx_word' id='word_1_183' title='bbox 684 1947 712 1996; x_wconf 90' lang='lat' dir='ltr'><strong>in</strong></span> <span class='ocrx_word' id='word_1_184' title='bbox 725 1946 867 1998; x_wconf 86' lang='lat' dir='ltr'><strong>Persicum</strong></span> <span class='ocrx_word' id='word_1_185' title='bbox 878 1947 936 1998; x_wconf 89' lang='lat' dir='ltr'><strong>bel·</strong></span> 
     </span>
    </p>
   </div>
   <div class='ocr_carea' id='block_1_3' title="bbox 134 2012 1009 2148">
    <p class='ocr_par' dir='ltr' id='par_1_3' title="bbox 134 2012 1009 2148">
     <span class='ocr_line' id='line_1_28' title="bbox 134 2012 1009 2078; baseline 0.003 -16"><span class='ocrx_word' id='word_1_186' title='bbox 134 2014 199 2075; x_wconf 91' lang='lat' dir='ltr'><strong>lum,</strong></span> <span class='ocrx_word' id='word_1_187' title='bbox 211 2012 382 2065; x_wconf 83' lang='lat' dir='ltr'><strong>Graecorum</strong></span> <span class='ocrx_word' id='word_1_188' title='bbox 394 2013 476 2061; x_wconf 88' lang='lat' dir='ltr'><strong>fidem</strong></span> <span class='ocrx_word' id='word_1_189' title='bbox 488 2019 569 2078; x_wconf 89' lang='lat' dir='ltr'><strong>atque</strong></span> <span class='ocrx_word' id='word_1_190' title='bbox 582 2013 673 2064; x_wconf 89' lang='lat' dir='ltr'><strong>studia</strong></span> <span class='ocrx_word' id='word_1_191' title='bbox 683 2014 831 2066; x_wconf 85' lang='lat' dir='ltr'><strong>clementia</strong></span> <span class='ocrx_word' id='word_1_192' title='bbox 841 2021 870 2065; x_wconf 85' lang='lat' dir='ltr'><strong>et</strong></span> <span class='ocrx_word' id='word_1_193' title='bbox 879 2029 936 2065; x_wconf 92' lang='lat' dir='ltr'><strong>mo·</strong></span> <span class='ocrx_word' id='word_1_194' title='bbox 1008 2053 1009 2056; x_wconf 66' lang='lat'><strong>,</strong></span> 
     </span>
     <span class='ocr_line' id='line_1_29' title="bbox 134 2079 1009 2148; baseline 0.005 -19"><span class='ocrx_word' id='word_1_195' title='bbox 134 2080 279 2131; x_wconf 89' lang='lat' dir='ltr'><strong>deratione</strong></span> <span class='ocrx_word' id='word_1_196' title='bbox 291 2079 470 2145; x_wconf 88' lang='lat' dir='ltr'><strong>provocabat.</strong></span> <span class='ocrx_word' id='word_1_197' title='bbox 508 2082 547 2130; x_wconf 91' lang='lat' dir='ltr'><strong>ll.</strong></span> <span class='ocrx_word' id='word_1_198' title='bbox 567 2080 684 2148; x_wconf 88' lang='lat' dir='ltr'><strong>lmperio</strong></span> <span class='ocrx_word' id='word_1_199' title='bbox 700 2089 792 2134; x_wconf 89' lang='lat' dir='ltr'><strong>tamen</strong></span> <span class='ocrx_word' id='word_1_200' title='bbox 806 2085 891 2133; x_wconf 89' lang='lat' dir='ltr'><strong>maris</strong></span> <span class='ocrx_word' id='word_1_201' title='bbox 907 2088 937 2132; x_wconf 90' lang='lat' dir='ltr'><strong>et</strong></span> <span class='ocrx_word' id='word_1_202' title='bbox 1008 2141 1009 2144; x_wconf 8' lang='grc' dir='ltr'><strong>Ἴ</strong></span> 
     </span>
    </p>
   </div>
   <div class='ocr_carea' id='block_1_4' title="bbox 132 2143 938 2754">
    <p class='ocr_par' dir='ltr' id='par_1_4' title="bbox 132 2143 938 2622">
     <span class='ocr_line' id='line_1_30' title="bbox 132 2143 935 2211; baseline 0.005 -16"><span class='ocrx_word' id='word_1_203' title='bbox 132 2148 285 2198; x_wconf 86' lang='lat' dir='ltr'><strong>insularum</strong></span> <span class='ocrx_word' id='word_1_204' title='bbox 295 2143 478 2196; x_wconf 87' lang='lat' dir='ltr'><strong>Athenienses</strong></span> <span class='ocrx_word' id='word_1_205' title='bbox 489 2149 576 2200; x_wconf 80' lang='lat' dir='ltr'><strong>exuit:</strong></span> <span class='ocrx_word' id='word_1_206' title='bbox 591 2149 619 2198; x_wconf 91' lang='lat' dir='ltr'><strong>in</strong></span> <span class='ocrx_word' id='word_1_207' title='bbox 632 2147 781 2200; x_wconf 86' lang='lat' dir='ltr'><strong>Thebanos</strong></span> <span class='ocrx_word' id='word_1_208' title='bbox 791 2150 935 2211; x_wconf 83' lang='lat' dir='ltr'><strong>immitior,</strong></span> 
     </span>
     <span class='ocr_line' id='line_1_31' title="bbox 133 2212 936 2280; baseline 0.004 -17"><span class='ocrx_word' id='word_1_209' title='bbox 133 2229 249 2280; x_wconf 88' lang='lat' dir='ltr'><strong>quorum</strong></span> <span class='ocrx_word' id='word_1_210' title='bbox 261 2214 353 2266; x_wconf 87' lang='lat' dir='ltr'><strong>subita</strong></span> <span class='ocrx_word' id='word_1_211' title='bbox 364 2212 522 2264; x_wconf 83' lang='lat' dir='ltr'><strong>defectione</strong></span> <span class='ocrx_word' id='word_1_212' title='bbox 533 2217 561 2265; x_wconf 92' lang='lat' dir='ltr'><strong>in</strong></span> <span class='ocrx_word' id='word_1_213' title='bbox 573 2233 706 2268; x_wconf 90' lang='lat' dir='ltr'><strong>summum</strong></span> <span class='ocrx_word' id='word_1_214' title='bbox 715 2232 807 2268; x_wconf 81' lang='lat' dir='ltr'><strong>rerum</strong></span> <span class='ocrx_word' id='word_1_215' title='bbox 815 2219 936 2267; x_wconf 83' lang='lat' dir='ltr'><strong>omnium</strong></span> 
     </span>
     <span class='ocr_line' id='line_1_32' title="bbox 134 2281 938 2348; baseline 0.005 -19"><span class='ocrx_word' id='word_1_216' title='bbox 134 2281 282 2332; x_wconf 89' lang='lat' dir='ltr'><strong>discrimen</strong></span> <span class='ocrx_word' id='word_1_217' title='bbox 299 2296 329 2332; x_wconf 88' lang='lat' dir='ltr'><strong>se</strong></span> <span class='ocrx_word' id='word_1_218' title='bbox 344 2281 491 2332; x_wconf 88' lang='lat' dir='ltr'><strong>adductum</strong></span> <span class='ocrx_word' id='word_1_219' title='bbox 501 2282 589 2335; x_wconf 84' lang='lat' dir='ltr'><strong>luisse</strong></span> <span class='ocrx_word' id='word_1_220' title='bbox 601 2285 777 2348; x_wconf 82' lang='lat' dir='ltr'><strong>meminerat3</strong></span> <span class='ocrx_word' id='word_1_221' title='bbox 793 2299 845 2336; x_wconf 90' lang='lat' dir='ltr'><strong>nec</strong></span> <span class='ocrx_word' id='word_1_222' title='bbox 865 2285 938 2335; x_wconf 90' lang='lat' dir='ltr'><strong>iudi-</strong></span> 
     </span>
     <span class='ocr_line' id='line_1_33' title="bbox 133 2347 938 2416; baseline 0.009 -20"><span class='ocrx_word' id='word_1_223' title='bbox 133 2347 371 2411; x_wconf 81' lang='lat' dir='ltr'><strong>cabat,reteribus</strong></span> <span class='ocrx_word' id='word_1_224' title='bbox 382 2351 467 2400; x_wconf 91' lang='lat' dir='ltr'><strong>sociis</strong></span> <span class='ocrx_word' id='word_1_225' title='bbox 477 2351 859 2416; x_wconf 86' lang='lat' dir='ltr'><strong>postheneticiasuacausam</strong></span> <span class='ocrx_word' id='word_1_226' title='bbox 869 2351 938 2403; x_wconf 81' lang='lat' dir='ltr'><strong>fuis·</strong></span> 
     </span>
     <span class='ocr_line' id='line_1_34' title="bbox 132 2417 933 2481; baseline 0.005 -17"><span class='ocrx_word' id='word_1_227' title='bbox 132 2430 162 2465; x_wconf 89' lang='lat' dir='ltr'><strong>se</strong></span> <span class='ocrx_word' id='word_1_228' title='bbox 179 2422 276 2466; x_wconf 87' lang='lat' dir='ltr'><strong>contra</strong></span> <span class='ocrx_word' id='word_1_229' title='bbox 296 2417 384 2481; x_wconf 89' lang='lat' dir='ltr'><strong>ipsum</strong></span> <span class='ocrx_word' id='word_1_230' title='bbox 400 2433 459 2467; x_wconf 90' lang='lat' dir='ltr'><strong>cum</strong></span> <span class='ocrx_word' id='word_1_231' title='bbox 475 2417 689 2473; x_wconf 88' lang='lat' dir='ltr'><strong>Atheniensibus</strong></span> <span class='ocrx_word' id='word_1_232' title='bbox 708 2419 856 2472; x_wconf 86' lang='lat' dir='ltr'><strong>sentiendi.</strong></span> <span class='ocrx_word' id='word_1_233' title='bbox 893 2422 933 2468; x_wconf 81' lang='lat'><strong>12.</strong></span> 
     </span>
     <span class='ocr_line' id='line_1_35' title="bbox 132 2482 938 2553; baseline 0.007 -22"><span class='ocrx_word' id='word_1_234' title='bbox 132 2482 207 2548; x_wconf 81' lang='lat' dir='ltr'><strong>Ergo</strong></span> <span class='ocrx_word' id='word_1_235' title='bbox 219 2498 299 2549; x_wconf 90' lang='lat' dir='ltr'><strong>quum</strong></span> <span class='ocrx_word' id='word_1_236' title='bbox 310 2484 405 2535; x_wconf 89' lang='lat' dir='ltr'><strong>urbem</strong></span> <span class='ocrx_word' id='word_1_237' title='bbox 415 2485 595 2550; x_wconf 89' lang='lat' dir='ltr'><strong>dedidissent,</strong></span> <span class='ocrx_word' id='word_1_238' title='bbox 604 2487 938 2553; x_wconf 87' lang='lat' dir='ltr'><strong>praesidioMacedonum</strong></span> 
     </span>
     <span class='ocr_line' id='line_1_36' title="bbox 132 2550 921 2622; baseline 0.008 -24"><span class='ocrx_word' id='word_1_239' title='bbox 132 2551 272 2615; x_wconf 87' lang='lat' dir='ltr'><strong>imposito,</strong></span> <span class='ocrx_word' id='word_1_240' title='bbox 284 2550 503 2620; x_wconf 81' lang='lat' dir='ltr'><strong>interfectisque,</strong></span> <span class='ocrx_word' id='word_1_241' title='bbox 513 2569 583 2620; x_wconf 90' lang='lat' dir='ltr'><strong>quos</strong></span> <span class='ocrx_word' id='word_1_242' title='bbox 594 2556 712 2606; x_wconf 86' lang='lat' dir='ltr'><strong>maxime</strong></span> <span class='ocrx_word' id='word_1_243' title='bbox 725 2556 830 2605; x_wconf 84' lang='lat' dir='ltr'><strong>invisos</strong></span> <span class='ocrx_word' id='word_1_244' title='bbox 841 2569 921 2622; x_wconf 87' lang='lat' dir='ltr'><strong>suspe</strong></span> 
     </span>
    </p>

    <p class='ocr_par' dir='ltr' id='par_1_5' title="bbox 132 2617 937 2754">
     <span class='ocr_line' id='line_1_37' title="bbox 132 2617 937 2684; baseline 0.005 -17"><span class='ocrx_word' id='word_1_245' title='bbox 132 2623 247 2684; x_wconf 88' lang='lat' dir='ltr'><strong>ctosquc</strong></span> <span class='ocrx_word' id='word_1_246' title='bbox 258 2617 401 2682; x_wconf 88' lang='lat' dir='ltr'><strong>habuerat,</strong></span> <span class='ocrx_word' id='word_1_247' title='bbox 412 2621 475 2672; x_wconf 89' lang='lat' dir='ltr'><strong>aliis</strong></span> <span class='ocrx_word' id='word_1_248' title='bbox 487 2622 576 2672; x_wconf 88' lang='lat' dir='ltr'><strong>solum</strong></span> <span class='ocrx_word' id='word_1_249' title='bbox 586 2629 695 2674; x_wconf 80' lang='lat' dir='ltr'><strong>vertere</strong></span> <span class='ocrx_word' id='word_1_250' title='bbox 705 2623 801 2684; x_wconf 89' lang='lat' dir='ltr'><strong>iussis,</strong></span> <span class='ocrx_word' id='word_1_251' title='bbox 811 2622 937 2673; x_wconf 81' lang='lat' dir='ltr'><strong>reductis</strong></span> 
     </span>
     <span class='ocr_line' id='line_1_38' title="bbox 132 2685 935 2754; baseline 0.005 -20"><span class='ocrx_word' id='word_1_252' title='bbox 132 2699 198 2736; x_wconf 86' lang='lat' dir='ltr'><strong>suae</strong></span> <span class='ocrx_word' id='word_1_253' title='bbox 208 2685 339 2740; x_wconf 80' lang='lat' dir='ltr'><strong>factionis</strong></span> <span class='ocrx_word' id='word_1_254' title='bbox 351 2689 493 2740; x_wconf 85' lang='lat' dir='ltr'><strong>exsulibus</strong></span> <span class='ocrx_word' id='word_1_255' title='bbox 504 2690 682 2754; x_wconf 85' lang='lat' dir='ltr'><strong>magistratus</strong></span> <span class='ocrx_word' id='word_1_256' title='bbox 693 2695 722 2740; x_wconf 90' lang='lat' dir='ltr'><strong>et</strong></span> <span class='ocrx_word' id='word_1_257' title='bbox 731 2689 837 2742; x_wconf 88' lang='lat' dir='ltr'><strong>iudicia</strong></span> <span class='ocrx_word' id='word_1_258' title='bbox 850 2689 935 2740; x_wconf 76' lang='lat' dir='ltr'><strong>tradi-</strong></span> 
     </span>
    </p>
   </div>
   <div class='ocr_carea' id='block_1_5' title="bbox 0 0 1022 3030">
    <p class='ocr_par' dir='ltr' id='par_1_6' title="bbox 0 0 1022 3030">
     <span class='ocr_line' id='line_1_39' title="bbox 0 0 1022 3030; baseline 0 0"><span class='ocrx_word' id='word_1_259' title='bbox 0 0 1022 3030; x_wconf 95' lang='lat' dir='ltr'><strong> </strong></span> 
     </span>
    </p>
   </div>
  </div>
 </body>
</html>
