2048 3034
99 231 151 296 ιιι
313 244 485 306 aarum
514 246 681 299 curru

96 361 151 398 esse
164 345 333 416 fastidiunt?
367 349 409 398 24.
433 345 515 400 Video
526 347 662 400 admoneri
670 345 785 399 lesdam
795 343 898 400 aciem.-

94 412 142 463 sed
151 428 201 480 qao
208 413 320 481 propias
330 413 470 466 discrimen
485 415 591 478 accedo,
610 415 661 467 boc
670 414 756 468 ntum
765 413 808 476 s's's,
829 430 898 482 astae

65 543 66 548 Ἰ
94 479 159 541 disi,
165 495 273 546 possam
284 497 337 533 esse
347 491 495 534 contentas.
516 481 570 534 Per
581 499 630 550 ego
641 499 686 534 ros
695 480 769 533 Deos
776 482 895 549 patrios,

95 555 283 614 aeternumque
298 548 398 618 ignem,
419 550 465 617 qui
474 550 634 630 praefertur
644 549 782 610 altaribus,
796 547 895 618 fulgo·

93 630 203 682 remque
213 614 282 667 dolis
292 616 366 668 intra
376 617 450 686 fines
460 633 538 696 regas
551 617 603 668 rnes'
613 617 731 679 orientis,
750 621 801 684 per
811 625 897 668 aeter·

95 698 157 734 nom
175 682 330 734 memoriam
352 683 425 750 Cyri,
447 701 492 753 aas
507 685 657 752 ademptam
668 683 753 736 Medis
762 682 898 751 Lydisque
966 737 970 760 Ι

94 749 233 817 imperium
250 752 355 819 primus
375 751 404 803 in
422 751 558 803 Persidem
576 752 681 802 intulit:
711 749 845 802 vindicate
863 751 896 803 ab

93 817 186 869 alama
198 818 324 870 dedecore
333 835 428 870 nomen
436 828 596 888 gentemque
606 818 760 870 Persarum.
790 818 833 869 lb.
854 817 897 869 Ite

93 886 195 937 alacres
206 895 234 938 et
240 901 284 954 spe
291 887 373 952 pleni,
393 895 431 949 ut,
449 903 527 954 qaam
536 887 654 955 gloriam
664 885 801 956 accepistis
812 901 830 936 a
840 898 895 936 ma-

92 952 195 1004 ioribus
205 953 307 1014 cestrie,
319 954 435 1021 posteris
445 954 611 1021 relinquatis.
647 954 681 1005 In
692 953 792 1006 dennis
801 953 895 1004 nestris

92 1019 147 1071 s'am
165 1020 324 1083 libertatem,
344 1036 427 1087 opem,
447 1037 519 1086 spem
530 1021 628 1090 futuri
644 1020 770 1088 temporis
787 1020 894 1088 geritis.

93 1085 208 1155 Effugit
227 1094 347 1150 mortem,
369 1087 485 1156 quisquis
497 1089 682 1142 contemserit:
702 1087 896 1139 timidissimum

94 1153 411 1221 quemqneconseqas‘tur.
439 1152 896 1224 26.Ipsenonpatrr'omoresolum,

93 1221 229 1272 sedetiam
238 1230 267 1270 at
279 1221 397 1290 conspici
402 1222 511 1288 possim,
527 1239 609 1276 curru
618 1224 715 1275 oebor:
735 1239 783 1275 nec
792 1238 896 1286 recuso,

94 1304 145 1366 ppo
161 1287 249 1365 ruinas
266 1287 532 1353 sustentamento
545 1290 721 1362 fortitudinis
741 1292 897 1358 exemplam,

92 1371 165 1405 noer
186 1370 280 1406 noerae
304 1373 377 1408 uero.

126 1421 153 1472 X
181 1421 319 1473 ‚Intersm
338 1425 513 1488 Alexander,
542 1432 573 1477 ut
591 1432 620 1477 et
640 1425 860 1477 demonstratum
881 1441 900 1476 a

92 1489 239 1558 transfuga
247 1491 411 1543 insidiarum
421 1494 514 1544 locum
524 1495 692 1556 circumiret,
702 1500 730 1544 et
739 1493 837 1558 Dario,
850 1495 900 1561 qui

91 1557 201 1608 laevum
211 1574 297 1610 cornu
307 1561 446 1623 tuebatur,
462 1567 632 1624 occurreret,
643 1576 742 1628 agmen
753 1560 899 1628 obliquum

91 1625 223 1676 incedere
234 1627 320 1680 iubet.
356 1631 381 1678 2.
400 1628 502 1680 Darius
515 1644 624 1697 quoque
639 1629 738 1679 eudem
758 1644 838 1680 suum
850 1629 900 1679 ob-

91 1696 188 1756 vertit3
208 1694 298 1747 Besso
321 1695 472 1759 admonito,
495 1704 526 1748 ut
544 1697 720 1764 Massagetas
740 1696 850 1764 equites
868 1697 900 1747 in

92 1761 201 1813 laevum
211 1763 362 1816 Alexandri
373 1780 460 1815 cornu
472 1763 503 1832 [a
513 1761 616 1831 latere]
627 1763 720 1814 invehi
729 1765 850 1814 iuberet.
871 1763 897 1815 3.

91 1829 154 1895 lpse
167 1839 231 1882 ante
241 1847 272 1882 se
282 1831 401 1884 falcatos
413 1848 510 1883 currus
521 1831 652 1884 habebat:
674 1846 744 1898 quos
757 1831 838 1898 signo
850 1832 900 1883 da-

91 1906 121 1948 to
133 1900 279 1951 universos
289 1901 318 1950 in
329 1898 437 1951 hostem
449 1899 557 1950 effudit.
593 1899 720 1951 Ruebant
736 1898 838 1959 laxatis
850 1897 900 1950 ba·

91 1966 172 2018 benis
193 1969 317 2034 aurigae,
337 1983 392 2032 quo
405 1967 500 2034 plures
510 1967 631 2016 nondum
642 1968 710 2018 satis
723 1967 837 2034 proviso
848 1967 901 2018 im,

92 2040 159 2099 petu
169 2034 339 2084 obtererent.
375 2033 399 2082 l.
418 2033 498 2083 Alius
509 2048 577 2101 ergo
588 2032 684 2085 hastae
699 2033 813 2084 multum
823 2033 902 2084 ultra

90 2110 230 2151 temonem
242 2101 405 2161 eminentes,
427 2101 498 2150 alios
519 2101 553 2151 ab
567 2107 685 2168 utroque
696 2103 784 2152 latere
795 2100 900 2152 ‹lemis-

91 2182 139 2217 sae
149 2167 237 2218 falces
247 2167 415 2218 laceravere.
451 2166 510 2218 Nec
521 2169 624 2219 sensim
633 2169 804 2222 Macedones
815 2169 901 2220 cede-

90 2235 169 2298 bant;
190 2237 240 2285 sed
261 2233 351 2284 effusa
368 2233 625 2302 turbaverantluga
635 2237 756 2288 ordines.
792 2235 818 2287 5.
836 2237 900 2287 Ma-

91 2315 175 2351 zaeus
187 2316 297 2367 quoque
309 2302 445 2367 perculsis
456 2310 557 2354 metum
567 2303 693 2366 incussit,
707 2303 784 2355 mille
795 2305 900 2370 equiti-

89 2368 141 2418 bus
151 2368 186 2417 ad
194 2369 351 2436 diripienda
361 2367 450 2422 bostis
458 2371 656 2439 impedimenta
663 2369 833 2423 circumvehi
839 2372 901 2422 ius·

90 2435 142 2496 sis;
157 2441 244 2497 ratus,
255 2437 380 2503 captivos
391 2453 511 2506 quoque,
519 2440 566 2506 qui
578 2439 659 2489 simul
670 2437 900 2502 asservabantur,

90 2509 222 2568 rupturos
233 2504 351 2567 vincula,
372 2521 455 2572 quum
466 2523 533 2557 suos
547 2507 800 2574 appropinquantes
811 2507 902 2558 vidis-

91 2576 162 2621 sent.
199 2570 223 2621 b.
243 2571 305 2622 Non
316 2570 460 2624 fefellerat
475 2574 697 2636 Parmenionem,
717 2574 803 2640 quiin
814 2573 901 2626 laevo

91 2652 179 2689 cornu
198 2646 266 2691 erae
305 2639 427 2707 Propere
443 2642 532 2708 igitur
542 2640 746 2708 Polydamanta
757 2641 845 2692 mittit
863 2642 902 2692 ad

89 2719 195 2772 regem,
207 2708 253 2775 qui
265 2713 294 2759 et
303 2709 456 2774 periculum
470 2707 640 2768 ostenderet,
652 2713 688 2770 et,
705 2709 772 2775 quid
782 2709 847 2760 lieri
857 2712 902 2764 ιιι-ι

90 2772 179 2836 beret,
191 2775 362 2828 consuleret.
389 2776 415 2826 l.
435 2775 496 2838 Ille,
509 2775 605 2826 audito
616 2774 829 2840 Polydamante,
842 2775 901 2838 abi,
