2082 3042
348 205 496 258 anER
521 207 587 258 vlt.
616 207 713 260 cAP.
740 209 765 262 7.
908 207 956 258 2⁹1

153 317 200 369 tet,
210 306 342 358 contemti
350 307 386 358 ad
394 306 460 370 illos,
472 307 519 374 qui
528 307 694 376 defecerunt,
705 318 875 360 revertemur.
915 311 955 360 12.

153 374 184 426 di
196 389 259 425 aero
274 371 388 425 Tanaim
404 375 600 436 transierimus,
623 384 650 426 et
667 375 761 442 utique
774 377 887 428 invictae
902 392 956 427 cese

91 461 97 474 r
153 456 201 493 nat
221 439 313 508 Scytiu
322 457 381 492 rum
403 441 524 508 pernicie
547 459 580 493 ac
602 441 733 509 sanguiue
757 443 955 505 ostenderimus,

190 506 212 558 is
232 507 363 560 tutante
371 525 470 576 parere
484 510 564 560 etiam
574 507 704 576 Europae
719 509 877 562 victoribus?
913 513 953 563 13.

180 575 283 638 aititur,
307 576 354 644 qui
366 576 492 628 terminos
504 576 610 645 gloriae
620 584 728 628 nostrae
740 578 847 628 metitur
856 577 953 644 spatio,

155 643 226 710 quod
234 643 377 694 transituri
389 659 487 696 eumue.
527 642 600 695 Unus
614 643 700 694 omnio
713 642 859 710 interfluit;
880 662 955 712 quem

153 708 177 760 si
190 709 347 773 traiicineue‚
365 709 394 761 in
404 709 545 777 Europam
559 728 636 762 arum
646 710 820 780 proferimus.
858 713 897 762 14.
916 711 957 764 Et

154 777 248 845 quanti
258 777 452 828 aestimandum
463 787 509 839 eet,
521 778 582 828 dum
593 777 686 829 Asiam
695 777 849 846 sniigimr,
860 777 889 828 iu
902 779 955 830 aiio

154 845 347 926 quodammodo
358 844 421 894 orie
433 853 545 911 tropaea
554 854 684 896 statuere:
696 853 722 896 et
732 861 799 912 quae
809 855 864 896 tam
874 846 955 924 longo

151 914 292 963 intervallo
302 919 402 963 notura
412 911 516 963 ridetur
526 912 669 972 direntium,
681 929 735 964 uno
744 911 860 963 uictoria
869 912 955 964 subito

152 979 335 1032 committere?
362 979 401 1028 15.
412 979 564 1031 atterente
574 969 956 1046 sipauliuium‘cessaoerimut,

131 1051 132 1058 ’
151 1047 180 1096 in
201 1044 286 1113 tergit
304 1045 402 1096 nostris
416 1045 531 1116 Scythae
550 1047 705 1098 tenentum.
742 1047 786 1098 Aa
799 1047 955 1108 sotisumus,

154 1110 320 1192 quiflumino
333 1121 474 1165 transnare
480 1116 636 1182 possumus?
649 1112 737 1166 Multa
745 1114 774 1165 in
784 1113 957 1193 reosmetipsoe
1025 1153 1026 1182 3

153 1180 279 1240 recedent,
292 1180 384 1247 quibus
394 1179 481 1233 addere
491 1182 607 1234 uicimus.
645 1181 685 1234 16.
697 1181 831 1244 Portuno,
844 1181 902 1232 betis
912 1197 955 1232 or·

153 1256 204 1299 tem
224 1247 307 1298 uictos
340 1265 425 1316 unque
441 1250 524 1302 docet.
565 1249 674 1302 Utribus
690 1247 958 1302 amnemtruiieiendi

152 1317 298 1383 exemplum
308 1265 428 1385 fecimus
446 1334 544 1385 nuper:
563 1318 614 1370 looc
627 1327 658 1370 ut
668 1317 782 1388 Scythae
794 1317 899 1370 imitari
911 1333 955 1368 ne·

151 1381 247 1446 edant,
257 1381 404 1435 Bactriani
413 1385 551 1437 docebunt.
581 1387 620 1436 l'i.
633 1385 780 1438 Praeterea
790 1402 857 1436 anuo
866 1383 957 1454 gentis

152 1449 230 1500 iuius
240 1451 327 1502 adiere
337 1451 468 1502 exercitus
480 1453 563 1513 venit,
584 1453 667 1504 ceteri
679 1463 873 1519 exspectantur.
911 1450 957 1502 Ita
1025 1457 1026 1470 ¹

153 1517 246 1568 betium
257 1517 365 1568 nitendo
375 1519 474 1570 alemus
480 1535 491 1580 ‚·
501 1527 528 1569 et
538 1520 609 1597 quod
616 1518 718 1588 inferre
726 1534 874 1586 possumus,
886 1519 956 1570 acci-

151 1599 214 1650 pere
233 1599 368 1649 cogemur.
406 1587 447 1636 18.
467 1583 615 1652 Manifesta
635 1593 674 1636 est
694 1585 798 1636 consilii
811 1585 863 1636 mei
874 1586 956 1637 ratio.

154 1650 208 1700 Sed
216 1666 251 1700 an
257 1650 416 1716 permissuri
423 1650 478 1702 sint
487 1651 554 1700 neiiei
565 1649 721 1702 Macedones
733 1653 822 1704 animo
834 1651 876 1702 uti
890 1668 956 1717 meo,

154 1716 246 1768 dubito
253 1735 266 1780 ‚·
277 1717 339 1784 quio
350 1733 381 1768 ex
392 1734 444 1783 quo
456 1718 507 1768 ieoc
515 1719 607 1769 vuinus
619 1717 717 1784 accepi,
728 1735 782 1770 non
792 1735 858 1786 equo
869 1727 957 1773 uectus

83 1805 85 1808 ·
153 1800 220 1847 eum,
234 1801 287 1836 non
293 1785 406 1851 ‘pedibus
416 1784 559 1853 ingressus.
590 1785 630 1836 19.
642 1785 696 1835 Sed
703 1785 727 1834 si
736 1801 776 1835 me
785 1785 861 1852 sequi
871 1787 956 1848 onitin

153 1854 237 1915 oaleo,
247 1853 337 1904 amici.
369 1852 442 1904 datie
452 1851 549 1904 oirium
560 1861 600 1904 eet
608 1851 645 1902 ad
653 1852 792 1902 tolerando
801 1851 867 1902 toto:
878 1861 926 1902 uut
934 1851 959 1904 ei
1025 1853 1026 1856 ’

135 1939 137 1944 ·
152 1921 208 1972 iam
218 1920 294 1972 adest
303 1920 373 1972 ritae
383 1937 456 1972 meae
459 1919 537 1990 fluit,
559 1919 586 1972 in
599 1937 650 1988 quo
662 1920 768 1971 tandem
779 1935 856 1986 opere
866 1919 957 1972 melius

153 1988 330 2057 exstinguar?
364 1991 404 2039 20.
425 1989 503 2040 Haec
525 2005 627 2054 quassa
645 1987 735 2040 adhuc
754 2003 824 2038 voce
839 1987 957 2038 subdefi-
1025 2045 1026 2048 Ἴ

153 2058 240 2117 ciens,
262 2057 308 2107 vix
328 2057 461 2122 proximis
482 2057 708 2118 exaudientibus,
729 2055 850 2114 dixerat,
876 2071 956 2121 quum
1025 2117 1026 2122 Ἰ

153 2139 250 2177 omnes
262 2139 279 2174 a
288 2131 343 2174 tarn
355 2125 500 2190 praecipiti
509 2125 628 2175 consilio
640 2140 735 2192 regem
744 2124 886 2174 deterrere
895 2137 958 2172 coc-

151 2199 264 2260 perum:
294 2193 335 2240 21.
357 2191 487 2258 Erigyius
498 2194 626 2254 maxime,
642 2194 689 2259 qui
700 2190 773 2241 haud
786 2205 853 2241 sane
864 2196 958 2241 aucto-

16 2287 17 2290 =
107 2312 111 2318 ,
152 2261 236 2310 ritate
248 2259 396 2327 proficiens
407 2260 479 2324 apud
490 2259 660 2311 obstinatum
673 2260 806 2320 animum,
826 2259 959 2326 supersti-
1025 2271 1026 2304 3

152 2329 272 2388 tionem,
284 2329 362 2378 cuius
373 2334 472 2394 potens
483 2341 537 2376 non
550 2335 610 2378 erat
620 2342 682 2388 rex,
692 2327 819 2377 incutere
830 2328 957 2387 tentavit,

154 2395 283 2457 dicendo,
295 2395 363 2446 deos
375 2408 485 2462 quoque
497 2393 610 2445 obstare
622 2394 754 2456 consili03
774 2409 959 2463 magnumque

173 2463 316 2523 ericuiunr,
328 2463 351 2513 si
364 2461 464 2513 flunren
476 2464 633 2527 transisset,
646 2463 764 2512 ostendi.
788 2465 829 2512 22.
840 2462 958 2513 intranti
1025 2463 1026 2466 ’

153 2479 271 2598 Erigyio
292 2530 500 2580 tabernaculum
519 2530 594 2596 regis
609 2527 774 2581 Aristander
788 2535 958 2590 occurrerat,

152 2599 246 2650 tristia
257 2605 322 2648 exta
333 2596 421 2648 fuisse
433 2597 606 2665 significans:
618 2596 687 2648 haec
699 2613 733 2649 ex
743 2605 805 2648 vate
817 2602 960 2662 comperta

152 2665 288 2734 Erigyius
308 2665 460 2716 nuntiabat.
497 2665 539 2715 23.
552 2665 625 2725 *Quo
641 2664 772 2726 inhibito,
794 2664 959 2726 Alexander,

153 2747 209 2784 non
219 2733 262 2783 ira
272 2731 372 2795 solunt,
392 2733 535 2784 sedetiam
549 2734 655 2800 pudore
666 2733 808 2794 confusus,
830 2733 904 2800 quod
916 2748 959 2783 su·

703 2803 752 2853 Ἠ
952 2917 1026 3024 ,Ι
