2098 3040
129 162 181 217 ssdd
349 157 520 219 QUINTI
548 158 713 209 GURTll

128 264 242 330 eorpori
258 260 381 322 infixum,
400 260 489 311 itane
504 260 639 326 spiculum
655 266 823 320 moveretur,
842 258 935 312 absci-

131 332 206 382 dunt.
244 329 294 378 23.
316 327 442 393 ¹Corpore
466 327 566 378 deinde
586 328 689 377 nudato
703 326 935 380 -enimadrertunt

130 395 227 447 hamos
236 396 331 445 inesse
341 396 412 457 telo;
433 409 485 445 neo
498 395 580 445 aliter
589 395 619 444 id
629 395 689 444 sine
700 395 823 460 pernicie
835 409 935 462 eorpo-

130 465 167 514 ris
181 460 290 513 extrahi
296 476 392 528 posse,
414 477 496 528 quern
505 467 536 513 ut
545 461 667 512 secando
679 461 776 514 vulnus
787 470 934 529 augerent.

129 531 171 580 24.
192 531 322 582 Ceterum
336 535 507 580 nesecantes
519 527 682 595 profluvium
694 530 838 596 sanguinis
851 543 935 580 oocu-

129 602 225 664 paret,
250 597 430 660 verebantur3
458 597 559 664 quippe
581 599 679 663 ingens
697 596 785 648 telum
804 597 934 647 adactum

131 671 200 726 eret,
222 669 251 713 et
260 669 423 729 penetrasse
433 664 461 713 in
472 665 581 715 viscera
590 664 744 714 videbe-tir.
782 664 823 713 25.
843 662 935 715 Crito-

129 731 221 793 bulus,
231 733 305 782 inter
315 731 440 781 medicos
452 732 521 782 artis
532 731 659 792 elirniee,
671 731 760 780 sedin
771 736 851 781 tento
861 732 935 796 peri·

131 798 194 849 culo
204 799 329 860 territus,
334 813 430 849 manus
442 799 590 848 adnectere
599 797 749 858 metuebat,
761 813 795 848 ne
805 798 833 848 in
839 797 935 864 ipsius

131 871 214 932 caput
224 879 320 930 parum
330 879 481 932 prosperae
492 865 644 916 curationis
655 865 796 916 recideret
806 871 933 915 eventus.

130 933 171 983 id.
183 932 389 982 Lacrimantem
399 947 460 983 eum
470 948 502 982 uc
513 939 690 994 metuentem,
702 939 731 982 et
741 932 935 983 sollicitudine

45 1005 47 1008 “
130 999 329 1066 propemodum
350 1013 530 1066 exsanguem,
552 1015 602 1051 rex
621 1006 814 1065 conspexerat.
851 997 934 1062 Quid,

129 1069 229 1134 inquit,
250 1067 350 1134 quodve
360 1075 461 1133 tempus
471 1074 619 1133 exspectas,
639 1075 728 1117 etnon
736 1066 936 1146 quasnprinntm

130 1133 181 1186 doc
191 1135 281 1185 dolore
291 1150 331 1184 me
340 1133 433 1184 saltem
443 1135 603 1184 moriturum
613 1133 726 1185 libem?
744 1133 788 1184 Au
799 1142 875 1186 aeret
880 1169 889 1196 ‚
901 1149 936 1185 tre

130 1217 191 1252 reus
213 1201 257 1261 sis,
277 1216 357 1266 quum
370 1199 521 1252 insanabile
536 1202 628 1253 vulnus
642 1201 806 1268 acceperim?
836 1202 881 1252 at.
901 1202 937 1251 As

132 1267 292 1319 Critobulus
306 1267 430 1329 tandem,
450 1268 496 1318 rel
511 1269 589 1319 linito
607 1269 936 1331 valdissimulatonetu,

132 1335 238 1384 hortari
258 1348 318 1382 eum
338 1335 441 1398 coepit,
461 1341 494 1385 ut
513 1350 543 1386 se
556 1337 759 1388 ¹continendum
778 1336 938 1403 praeberet,

132 1403 195 1451 dum
217 1400 351 1466 spiculum
371 1401 518 1453 evelleret:
540 1403 624 1454 etiam
639 1404 867 1469 levenicorporis
877 1419 936 1454 mo-

132 1477 189 1518 tum
201 1469 312 1517 noxium
328 1467 400 1519 fore.
435 1469 477 1519 28.
496 1469 654 1538 Reliquum
668 1473 846 1533 affirmasset,
866 1469 938 1522 nihil

132 1551 201 1602 opus
217 1549 279 1585 esse
297 1535 342 1596 iis,
364 1537 411 1602 qui
425 1543 515 1587 semet
528 1540 716 1601 continerent3
736 1541 810 1590 sicut
823 1553 937 1606 praece-

130 1609 207 1720 ptum
222 1608 291 1664 erat,
311 1603 371 1653 sine
386 1608 464 1655 motu
474 1604 605 1670 praebuit
615 1621 725 1672 corpus.
760 1605 936 1672 igiturpate-

144 1677 206 1721 acto
226 1669 310 1721 latius
329 1671 453 1734 vulnere,
474 1677 502 1722 et
520 1672 629 1738 spiculo
652 1674 758 1740 evulso,
776 1674 937 1741 ingesseris

131 1736 274 1804 sanguinis
294 1751 406 1789 manare
426 1740 532 1805 coepit3
551 1739 694 1808 linquique
714 1741 805 1790 animo
824 1755 887 1803 reu,
908 1747 939 1792 et

131 1805 251 1874 ealigine
272 1805 361 1856 oculis
382 1805 482 1868 offusa,
503 1805 591 1857 veluti
609 1808 790 1858 moribundus
809 1807 936 1865 extendi.

130 1872 170 1922 2⁹.
191 1873 337 1938 Quumque
351 1871 516 1938 profluvium
526 1873 736 1926 medicamentis
749 1875 852 1926 frustra
862 1871 937 1926 inlu·

129 1941 236 1999 berent,
257 1939 363 1989 elamor
376 1940 458 1990 simul
472 1948 554 2008 etque
568 1941 693 2006 ploratus
711 1944 862 1992 amicorum
880 1941 937 1992 ori·

130 2014 186 2068 tur,
201 2019 297 2072 regem
308 2008 467 2071 exspirasse
479 2009 659 2060 credentium.
695 2011 820 2062 Tandem
831 2011 937 2060 consti-

130 2076 164 2123 tit
177 2072 302 2140 sanguis,
312 2073 511 2140 peullatimque
522 2075 642 2126 animum
651 2078 767 2144 recepit,
780 2083 808 2127 et
818 2077 937 2127 eircum-

131 2141 344 2206 stanteseoepit
353 2155 516 2208 agnoscere.
553 2143 594 2193 30.
606 2144 681 2194 Toto
694 2159 728 2195 eo
741 2143 787 2194 die
797 2159 830 2196 ec
840 2152 937 2206 nocte,

131 2223 201 2272 quae
218 2214 315 2259 seouta
330 2214 382 2270 est,
402 2216 524 2260 umatus
538 2211 678 2262 exercitus
693 2213 799 2280 regiam
813 2211 938 2272 obsedit,

131 2273 279 2326 confessus
289 2289 385 2326 omnes
397 2277 477 2326 unius
488 2277 589 2342 spiritu
597 2278 702 2329 virere.
737 2277 938 2345 Necpriusre·

132 2349 285 2402 cesserunt,
306 2356 388 2410 quem
407 2350 579 2409 compertum
596 2350 650 2408 est,
670 2345 941 2412 somuopaullisper

132 2406 323 2473 adquiescere.
358 2409 432 2462 Hinc
452 2411 602 2462 certiorem
620 2427 698 2480 spem
716 2409 815 2464 salutis
826 2413 893 2464 eius
907 2427 938 2462 su

133 2475 402 2530 cestreretulerunt.-

182 2541 229 2593 Vl.
251 2543 311 2594 Rex
323 2550 430 2611 septem
444 2545 543 2598 diebus
558 2551 655 2598 ourato
669 2547 797 2610 uulpem,
818 2547 940 2600 nemum

1 2657 2 2666 ,
134 2609 255 2660 obducta
263 2611 407 2675 cioatrioe,
424 2628 507 2680 quum
522 2614 656 2678 audisset,
671 2614 881 2668 convaluisse'e
901 2615 942 2666 ud

53 2725 54 2730 ,
133 2675 267 2727 turberes
286 2676 388 2730 famam
407 2683 505 2732 mortis
520 2695 599 2746 suue3
621 2681 729 2735 duobus
745 2681 866 2752 navigiis
877 2630 942 2734 iin-
