2048 3034
312 195 461 248 LIBER
487 196 521 247 V.
554 196 648 248 CllP.
677 197 702 249 6.
861 196 912 246 aot

105 299 274 351 caedebant:
294 296 365 348 nihil
377 299 613 366 nequeintactum
624 305 692 362 erat,
709 315 762 351 nec
771 301 912 366 integrum
990 308 992 313 ’

104 365 262 429 -ierebatur3
281 365 400 432 abrupta
414 366 626 417 simulacrorum
645 369 777 429 membra,
796 367 912 484 utpuis·
982 412 985 429 ,

104 449 159 502 que
179 433 323 495 avelleret,
344 432 482 484 trahebat,
519 434 544 484 6.
563 432 661 499 Neque
679 436 912 500 stramineum,
991 444 997 458 ⁶

104 503 156 552 sed
167 503 250 552 etiarn
261 500 422 563 crudelitas,
438 502 467 552 in
478 507 560 570 capta
569 501 638 552 urbe
650 509 778 568 grassata
787 509 846 555 est:
866 517 912 552 au·
996 533 997 536 =

104 584 138 620 ro
148 575 321 637 argentoque
335 569 429 621 onusti
438 569 507 620 vilia
516 571 690 635 captivorum
701 584 820 636 corpora
828 569 912 621 truci-
990 571 999 627 ζ’

104 636 223 700 dabant3
244 637 405 705 passimque
425 636 501 688 ebrii
522 637 721 698 caedebantur,
742 651 812 702 quos
831 643 914 688 antea

105 705 224 772 pretium
237 706 280 756 sui
296 703 473 756 miserabiles
488 703 605 756 fecerat.
642 705 668 754 Ἰ.
687 703 771 754 Multi
786 718 853 770 ergo
865 701 913 755 bo·
990 704 1001 730 '⁴

104 773 188 824 stium
198 787 296 826 manus
307 773 468 823 voluntaria
476 779 568 822 morte
579 778 800 838 (recupaverunt,
812 773 913 838 pretie-

105 840 217 892 sissima
226 841 347 892 vestium
357 839 463 901 induti,
474 852 490 889 e
501 839 589 890 muris
598 841 766 905 semetipsos
777 853 837 889 cunr
850 854 914 889 con·
1002 879 1003 888 ,

104 907 218 976 iugibus
238 923 272 958 ac
291 907 390 958 liberis
410 906 439 958 in
459 921 595 973 praeceps
612 909 759 958 iacientes.
795 905 914 966 Quidam
1002 947 1004 954 ὲ

103 977 196 1042 ignes,
217 975 292 1042 quod
312 973 407 1040 paullo
427 980 493 1040 post
512 973 637 1026 iactamus
653 973 744 1025 bostis
758 972 915 1035 ridebatur,
1004 1007 1005 1038 3

103 1039 287 1094 subiecerant
302 1041 428 1102 aedibus,
449 1048 480 1093 ut
492 1057 555 1094 cum
569 1043 627 1095 suis
642 1042 699 1093 viri
715 1046 914 1092 cremarentur.
1004 1044 1006 1098 j

102 1110 131 1160 8.
151 1109 278 1162 Tandem
289 1111 349 1160 suis
359 1123 409 1161 rex
419 1111 599 1177 corporibus,
620 1117 649 1162 et
663 1109 916 1162 cultufeminarum
1006 1120 1007 1158 i

103 1177 250 1228 abstinere
269 1178 360 1260 ipssit.
396 1177 497 1248 ingens
517 1179 654 1246 pecuniae
674 1179 802 1245 captivae
815 1177 916 1228 modus
1007 1225 1008 1228 ,

104 1244 236 1306 traditur,
247 1259 334 1312 prope
346 1251 376 1295 ut
386 1245 467 1298 iidem
479 1247 607 1299 excedat
643 1247 668 1298 a.
680 1247 811 1298 Ceterum
822 1252 870 1297 aut
881 1244 915 1294 de

103 1311 170 1364 aliis
183 1326 238 1380 quo
259 1327 294 1363 ue
304 1312 503 1378 dubitabimus,
515 1321 563 1366 aut
574 1315 729 1377 credemus,
741 1315 769 1364 in
780 1313 862 1366 buius
872 1325 917 1363 ur-

103 1379 149 1432 bis
159 1395 233 1448 gaza
241 1328 332 1442 iuisse
343 1381 364 1431 G
374 1389 402 1432 ct
412 1382 467 1434 XX
475 1383 725 1436 milliatalentrlmr
742 1383 777 1440 ad
789 1396 860 1449 quae
871 1395 917 1430 re-

105 1445 200 1500 henda
212 1449 342 1515 (namque
353 1449 387 1500 ad
399 1465 466 1500 usus
475 1450 545 1501 belli
555 1466 649 1504 secum
661 1458 774 1518 portare
786 1451 917 1501 decreve-

104 1519 160 1580 rat)
171 1516 299 1568 iumenta
310 1523 339 1568 et
348 1517 472 1568 camelos
483 1532 500 1568 a
511 1517 591 1570 Susis
603 1524 632 1570 et
641 1518 789 1586 Babylone
807 1523 917 1568 contra·

105 1583 134 1635 bi
144 1585 238 1636 iussit.
275 1585 316 1633 lo.
331 1583 489 1636 Accessere
499 1586 535 1636 ad
546 1584 616 1636 hanc
627 1587 763 1653 pecuniae
774 1599 917 1645 summam,

106 1653 196 1721 captis
208 1649 389 1718 Parsagadis,
409 1667 460 1703 sex
469 1653 560 1703 millia
568 1648 713 1704 talentum.
750 1653 841 1719 cyrus
853 1651 918 1708 Per-

106 1720 245 1787 sagadum
255 1718 352 1769 urbem
363 1719 538 1781 condiderat,
548 1735 629 1786 quarn
640 1719 799 1770 Alexandro
810 1717 919 1786 praeie-

16 1817 19 1838 t
106 1794 168 1838 ebra
186 1788 250 1840 eius
261 1785 390 1838 Gobares
411 1785 536 1837 tradidit.
574 1789 613 1836 ll.
634 1787 695 1838 Rex
715 1801 808 1836 arcem
821 1785 919 1835 Perse·

106 1921 453 1985 carchidemtueriiubet3
474 1923 499 1972 T

106 1855 191 1922 polis,
204 1854 245 1905 iil
254 1854 378 1906 millibus
388 1853 574 1932 Macedonum
585 1854 727 1936 praesidio
739 1853 859 1934 relictis,
873 1851 920 1902 Ni·

19 2035 21 2060 ,
106 1991 275 2049 tradiderat,
296 1996 424 2041 servatus
442 1995 487 2040 est
500 1923 606 2052 {dirigat}
616 1933 921 2068 gugffi'priduligadrziffi

20 2069 21 2120 ς
106 2055 260 2110 babuerat:
281 2072 436 2124 magnaque
450 2059 591 2110 exercitus
605 2065 684 2125 parte
699 2065 728 2109 et
741 2057 921 2124 impedimen·

20 2127 21 2130 ’
106 2127 143 2178 tis
154 2127 195 2177 ibi
206 2125 331 2187 relictis,
342 2125 555 2178 Parmenionem
563 2128 763 2194 Craterumque
775 2123 920 2192 praefecit.

108 2195 148 2244 12.
168 2195 234 2263 lpse
251 2208 313 2244 curn
328 2193 405 2244 mille
420 2194 574 2260 equitibus,
595 2195 774 2261 peditumque
790 2191 921 2259 expedita

106 2277 200 2324 manu,
212 2263 379 2312 interiorem
390 2260 516 2313 Persidis
525 2263 680 2330 regionem,
693 2261 743 2311 sub
755 2261 844 2327 ipsum
855 2259 921 2311 Ver.-

108 2329 243 2396 giliarurn
263 2329 342 2380 sidus
361 2329 459 2395 petiit:
480 2329 631 2396 multisque
646 2329 780 2380 imbribus
796 2330 825 2379 e't
833 2343 921 2396 prope

108 2396 286 2448 intolerabili
305 2402 473 2463 tempestate
492 2404 623 2460 vexatus,
644 2397 799 2464 procedere
817 2404 919 2459 tamen,

108 2479 165 2531 quo
183 2465 357 2527 intenderat,
382 2465 582 2532 perseverarit.
619 2466 659 2516 13.
679 2463 798 2516 Ventum
815 2464 920 2516 eratad

106 2532 165 2582 iter
174 2533 319 2599 perpetuis
331 2533 453 2584 obsitum
465 2533 583 2594 nivibus,
615 2548 664 2584 uas
675 2531 790 2600 trigoris
802 2534 843 2584 vis
854 2531 921 2598 gelu

106 2599 316 2652 adstrinxerat=
337 2600 521 2668 locorumque
538 2549 653 2667 squiior
663 2607 691 2651 et
702 2601 869 2653 solitudines
880 2599 920 2650 in-

29 2731 30 2736 *
106 2667 170 2730 viae
181 2667 333 2735 fatigatum
345 2669 461 2720 militem
472 2669 625 2732 terrebant,
637 2667 815 2722 humanarum
827 2681 920 2717 rerum

105 2737 248 2802 terminos
260 2749 290 2786 se
300 2736 398 2788 videre
409 2736 579 2790 credentem.
616 2737 716 2792 Omnia
728 2744 817 2800 vasta,
837 2743 920 2803 atque

161 2803 331 2856 Cunrrus.
688 2805 712 2856 0
