2098 3040
104 197 155 246 404
320 189 491 252 QUINTI
521 189 686 254 CU'RTll

103 297 165 348 solu
177 296 262 344 virtus
273 293 339 344 fuit:
350 295 391 344 28.
406 294 560 344 liberalitas
571 309 654 358 saepe
665 293 771 344 maiora
781 294 904 347 tribuen-

103 365 148 425 tis,
161 377 241 428 quom
252 377 269 412 a
278 362 332 413 diis
342 369 484 427 petuntur:
506 361 655 412 elementia
664 362 692 410 in
703 362 841 411 devictos:
863 368 906 413 tot

102 444 190 497 regna
200 433 248 478 aut
256 428 379 492 reddita,
394 428 493 495 quibus
505 443 539 478 ea
548 429 688 478 demsemt
697 427 783 488 bello,
796 435 845 478 aut
855 429 905 479 do·
920 442 923 448 ·

102 511 137 548 no
149 495 226 548 date:
254 496 295 547 29.
315 498 422 557 mortis,
442 495 621 546 ouiusmetus
632 502 742 546 eeteros
754 496 903 556 exanimat,

100 570 237 630 perpetua
247 565 414 614 contemtio:
434 563 542 630 gloriae
557 562 704 629 laudisque
720 569 750 612 ut
759 564 835 613 iusto
846 577 903 612 ma-

100 633 146 682 ior
165 630 275 698 cupido,
295 631 335 681 ito
350 637 382 682 ut
393 631 488 681 iuveni
501 638 530 681 et
541 631 570 680 in
583 632 669 680 tentis
679 629 852 680 admittenda
861 645 905 682 re·

99 698 161 749 bus.
181 699 222 750 ὅθ.
234 698 291 749 lan
301 699 391 764 pietas
404 711 471 766 erge
480 703 621 763 parentes,
632 711 748 763 quorum
760 697 905 765 Olympia-

100 767 137 818 da
151 765 355 817 immortalitati
371 779 537 816 consecrare
550 765 725 828 deereverat3
744 763 906 832 Philippum

100 834 175 884 ultus
186 839 258 884 erstt
277 833 318 885 31.
330 835 385 882 iam
396 834 425 882 in
435 847 530 884 omnes
540 831 601 883 fere
613 833 718 883 amieos
731 832 904 900 benignitus;

101 915 169 970 erge
178 902 283 952 milites
292 900 502 962 benevolentio3
522 899 728 967 eonsiliumpsr
737 900 905 966 magnitudi-

99 969 128 1019 ni
139 968 232 1031 animi,
252 973 280 1019 et
294 974 424 1036 quantem
438 968 485 1018 vix
501 973 613 1031 poteret
627 973 705 1020 aetas
718 968 778 1018 eius
793 981 903 1034 cepere,
1004 1012 1007 1023 ,

100 1035 240 1086 sollertia:
263 1035 304 1086 32.
317 1035 416 1087 modus
426 1035 637 1088 immodioerum
647 1033 838 1101 cupiditatum,
849 1035 903 1086 Ve-

100 1104 175 1152 neris
186 1104 259 1153 intra
269 1102 395 1154 naturale
406 1102 576 1155 desiderium
585 1117 662 1165 usus,
672 1117 724 1153 nee
734 1103 794 1153 ulla
803 1103 903 1154 nisiex

98 1171 236 1287 pennisso
256 1171 398 1236 voluptss3
417 1173 547 1238 ingentes
566 1168 694 1238 profecto
717 1169 797 1224 dotes
813 1177 902 1220 erant.

116 1237 140 1287 ³.
151 1235 203 1286 llla
213 1235 356 1286 fortunae:
368 1237 431 1288 Diis
442 1252 563 1304 sequere
573 1252 613 1300 se,
625 1243 654 1288 et
665 1237 805 1288 coelestes
815 1235 903 1289 hono-

98 1317 144 1354 res
155 1317 311 1362 arcessere,
332 1309 361 1354 et
373 1304 442 1354 talia
451 1305 633 1356 suadentibus
644 1305 765 1355 oraculis
776 1307 903 1367 credere,

98 1376 129 1422 et
141 1369 355 1436 dedignantibus
370 1371 498 1425 venerari
510 1373 600 1437 ipsum
616 1370 806 1426 vehementius
822 1388 904 1439 quem

97 1449 149 1505 per
160 1442 237 1489 esset
246 1437 344 1501 irasoi3
359 1438 387 1488 in
399 1447 543 1491 externum
553 1438 676 1491 habitum
687 1445 793 1492 mutere
804 1455 904 1506 eorpo-

97 1505 138 1555 ris
149 1504 262 1568 cultum,
282 1505 386 1556 imitari
396 1504 566 1558 devictarum
577 1508 701 1576 gentium
711 1522 813 1570 mores,
832 1523 903 1574 quos

99 1578 165 1624 ante
183 1573 331 1624 victoriam
345 1581 496 1640 spreverat.
533 1575 574 1626 34.
594 1574 663 1626 Nam
681 1574 854 1627 iratundiam
875 1583 904 1626 et

98 1639 256 1708 cupidinem
265 1641 323 1691 vini
333 1643 416 1692 sicuti
425 1643 538 1694 iuventa
547 1643 762 1706 irritaverst‚its
771 1649 902 1694 senectus

98 1708 229 1774 mitigare
239 1710 386 1776 potuisset.
422 1709 464 1760 35.
483 1709 639 1762 Fatendum
647 1716 692 1762 est
700 1716 801 1772 tamen,
818 1725 903 1778 quum

99 1773 247 1842 plurimum
265 1777 362 1827 virtuti
381 1776 517 1840 debuerit,
537 1777 599 1858 plus
613 1777 743 1830 debuisse
757 1776 902 1841 fortunse3

119 1855 182 1894 uam
202 1843 280 1894 solus
298 1845 419 1896 omnium
434 1846 592 1896 mortalium
604 1845 632 1896 in
642 1852 784 1913 potestate
794 1843 901 1896 habu-it.

100 1859 219 1973 Quoties
232 1909 312 1962 illurn
327 1927 343 1962 a
359 1919 449 1963 morte
459 1911 620 1964 revoosviti
638 1915 749 1981 quoties
756 1920 861 1964 temere
872 1913 903 1964 in

98 1979 224 2045 pericula
233 1984 487 2046 rectumperpetue
496 1979 633 2033 felicitate
644 1981 784 2046 protexit!
801 1978 842 2032 36.
852 1981 902 2032 Vi·
989 2003 991 2008 ·
1026 1963 1027 2034 l

98 2052 144 2096 tas
155 2060 268 2114 quoque
277 2046 359 2096 finem
370 2047 487 2098 eundem
497 2047 555 2110 illi,
566 2062 647 2116 quem
658 2048 779 2116 gloriae,
794 2052 902 2099 statuit.

98 2113 303 2181 Exspectavere
315 2127 377 2165 eum
387 2113 455 2177 fate,
466 2116 530 2167 dum
541 2115 655 2166 Oriente
665 2116 834 2182 perdomito,
845 2117 903 2166 adi·

98 2187 184 2247 toque
196 2181 323 2245 Oceano,
338 2181 471 2249 quidquid
482 2183 638 2234 mortalitas
649 2184 790 2249 sapiebat,
805 2184 904 2250 imple-

98 2252 150 2297 ret.
188 2249 230 2299 37,
248 2247 324 2300 Huic
336 2251 399 2316 regi
413 2250 531 2317 ducique
544 2265 692 2302 successor
703 2251 904 2318 quaerebatur:

99 2313 150 2364 sed
159 2315 250 2366 maios·
258 2316 348 2368 moles
360 2323 430 2380 erat,
450 2333 533 2384 quam·
542 2323 573 2369 ut
581 2333 652 2368 unus
663 2317 757 2369 subire
768 2333 830 2368 earn
839 2333 905 2385 pos·

99 2387 150 2432 set.
186 2382 283 2448 ltaque
293 2399 393 2436 nomen
421 2399 515 2452 uoque
525 2385 587 2437 eius
597 2391 626 2436 et
635 2385 709 2437 ieme
718 2399 811 2436 rerum
822 2386 851 2435 in
860 2391 906 2436 to·

97 2454 156 2499 tum
166 2450 365 2517 propemodum
377 2401 472 2503 ordiens
482 2467 565 2522 reges
576 2467 610 2506 ao
622 2468 709 2521 regna
719 2451 841 2514 diffudit,
848 2453 906 2503 ols-

98 2515 257 2634 2ses}mitque
268 2517 443 2638 ἓυιιᾶὴὴηὴίὲί,
464 2523 511 2640 spui
526 2521 609 2572 otiam
619 2521 749 2572 minimae
759 2521 835 2587 parti
844 2525 906 2571 tan·

167 2599 199 2634 or
212 2601 267 2638 uns
294 2600 311 2636 s
350 2601 449 2638 seseru
483 2626 489 2639 .

148 2648 195 2700 Vl.
207 2651 336 2704 Ceterum
344 2606 490 2721 Babylossis
502 2657 578 2720 (inde
590 2654 662 2706 enim
673 2656 786 2706 divertit
796 2655 906 2719 oratio)

99 2719 225 2780 eorporis
236 2720 296 2770 eius
307 2721 439 2773 custodes
450 2724 479 2773 in
490 2725 594 2791 regiam
604 2721 905 2791 principesemicorum
