2082 3042
299 221 446 272 LlBER
472 219 540 273 Vll.
569 222 663 274 CAP.
692 226 716 273 2.
745 225 769 275 3.
886 226 935 278 rto

136 320 221 372 vellet
229 321 348 372 militum
358 323 475 384 animos,
496 321 649 383 admonuit,
670 324 715 388 qui
730 323 826 375 literas
836 325 866 375 in
876 325 935 377 Ma·

135 388 282 440 cedoniam
293 389 328 439 ad
338 405 403 441 suos
414 389 584 456 scripsisset,
594 388 640 448 iis,
648 404 720 454 quos
727 391 787 458 ipse
796 392 934 456 mittebat,

134 455 284 524 perlaturis
296 471 356 508 cum
365 456 433 518 fide,
445 457 578 507 traderet.
615 453 784 520 Simpliciter
793 458 829 508 ad
838 474 935 512 neces-

137 522 227 574 sarios
239 538 305 574 suos
316 525 432 592 quisque
443 525 607 590 scripserat,
618 533 689 588 quae
700 524 848 575 sentiebat:
870 527 933 578 aliis

136 590 228 657 granis
249 597 317 653 erat,
336 591 478 658 plerisque
498 606 554 641 non
572 591 683 656 ingrata
702 589 810 640 militia.
844 592 934 645 itaet
1002 615 1008 628 ·

135 659 276 724 agentium
314 659 414 720 ratias,
438 664 466 708 et
487 657 660 724 querentium
680 655 780 707 literae
801 667 933 724 exceptae

135 730 205 775 sunt.
242 725 283 776 37.
325 731 338 776 t
356 725 404 792 qui
422 723 497 775 forte
516 723 638 774 taedium
652 723 757 773 laboris
775 738 826 789 per
838 725 933 778 literas

135 793 213 844 erant
229 791 331 859 questi,
352 789 424 842 hanc
438 805 565 842 seorsum
580 787 725 841 cohortem
739 793 866 842 aceteris
877 800 933 844 ten-

134 858 200 910 dere
214 859 388 977 iqnominiae
402 873 487 910 causa
499 857 590 918 iubet,
610 855 777 908 fortitudine
791 874 891 909 usurus
906 862 934 910 in

132 926 218 989 bello,
249 926 399 977 ibertatem
411 925 525 993 linguae
542 924 577 974 ab
587 924 701 976 auribus
713 925 834 976 credulis
846 940 934 977 remo·
960 930 962 935 '

131 1000 221 1044 turus.
256 993 293 1044 Et
306 991 462 1054 consilium,
483 993 660 1042 temerarium
680 991 800 1042 forsitan
820 993 934 1060 (quippe

131 1059 281 1117 fortissimi
300 1061 415 1110 iuvenes
434 1058 610 1118 contumeliis
629 1059 732 1110 irritati
752 1060 842 1120 erant)
862 1061 936 1110 sicut

133 1127 227 1178 omnia
236 1127 293 1178 alia
302 1125 423 1178 felicitas
434 1126 638 1194 regisexcepit.
674 1125 715 1176 38.
735 1125 813 1177 Nihil
826 1127 884 1178 illis
900 1127 935 1177 ad

131 1193 208 1244 bella
216 1195 352 1261 promtius
361 1192 423 1244 fuit.
442 1194 578 1245 incitabat
587 1194 716 1244 virtutem
727 1200 756 1244 et
764 1195 934 1262 ignominiae

132 1260 284 1312 demendae
296 1261 407 1327 cupido,
428 1267 457 1312 et
466 1262 531 1329 quia
540 1260 628 1312 fortia
637 1261 713 1312 facta
721 1263 750 1313 in
760 1263 856 1328 paucis
865 1263 934 1314 late·
1022 1303 1023 1308 ¹

132 1343 162 1378 re
175 1343 231 1379 non
241 1335 379 1396 poterant.
755 1358 760 1370 ·

181 1395 229 1448 111.
249 1397 302 1447 His
325 1399 367 1448 ita
385 1396 561 1462 compositis,
580 1395 749 1457 Alexander,
768 1399 933 1449 Asianorum

132 1469 242 1531 satrape
258 1466 422 1525 constituto,
442 1463 496 1512 iter
509 1463 683 1529 pronuntiari
698 1464 777 1513 iubet
787 1466 815 1513 in
825 1463 933 1514 Arima-

131 1546 208 1597 spos,
220 1545 289 1597 quos
299 1531 355 1578 iam
365 1535 432 1578 tuno
441 1534 548 1578 mutato
558 1527 830 1595 nomineEuergetas
842 1531 934 1596 appel-

129 1598 238 1658 labant3
262 1611 297 1647 ex
309 1610 363 1660 quo
377 1595 485 1661 frigore
495 1596 641 1660 victusque
652 1596 769 1658 penuria
779 1595 847 1660 Gyri
857 1610 923 1647 exer

132 1665 219 1715 citum
228 1661 375 1724 affectum,
396 1662 479 1711 tectis
490 1668 519 1710 et
528 1661 728 1712 commeatibus
738 1662 874 1712 iuverant.
908 1666 933 1712 2.

132 1731 253 1792 Quintus
274 1729 334 1780 dies
355 1733 422 1786 erat,
441 1733 472 1778 ut
484 1728 513 1778 in
527 1741 588 1778 eam
601 1727 745 1792 regionem
753 1737 933 1793 ,pervenerat

131 1798 295 1866 Cognoscit,
316 1795 533 1855 Satibarzanem,
554 1795 601 1859 qui
611 1795 647 1844 ad
656 1793 773 1844 Bessum
783 1793 944 1858 defecerat,
974 1815 976 1821 ⁴

131 1881 194 1918 oum
205 1865 327 1932 equitum
338 1878 420 1914 manu
432 1862 567 1928 irrupisse
578 1875 674 1912 rursus
685 1861 713 1910 in
724 1861 815 1911 Arios.
836 1860 934 1928 ltaque

130 1935 270 1987 Caranum
281 1938 309 1982 et
318 1931 463 1998 Erigyium
475 1945 536 1980 cum
546 1927 688 1979 Artabazo
700 1936 728 1979 et
737 1927 895 1979 Andronico
907 1937 935 1980 ct

130 2015 182 2052 sex
198 2001 320 2051 millibus
331 1998 503 2050 Graecorum
518 1998 642 2065 peditum
656 1996 706 2047 Dc
717 1997 825 2062 equites
837 2011 934 2062 seque-

128 2069 239 2120 bantur.
275 2065 299 2118 3.
313 2067 377 2134 lpse
386 2063 440 2116 LX
449 2056 546 2117 diebus
557 2070 668 2132 gentem
679 2063 881 2130 Euergetarum
892 2077 935 2112 or-

129 2132 244 2198 dinavit,
262 2149 362 2202 mogna
371 2133 489 2199 pecunia
499 2133 535 2184 ob
547 2131 689 2200 egregiam
699 2131 728 2181 in
739 2133 841 2198 Cyrum
852 2130 935 2180 fidem

130 2204 243 2254 donata.
279 2203 303 2251 4.
321 2201 432 2252 Relicto
443 2199 553 2261 deinde,
574 2201 621 2266 qui
632 2200 667 2249 iis
681 2203 836 2264 praeesset,
857 2199 933 2249 Arne-

128 2271 205 2332 nide,
216 2270 321 2332 (scriba
331 2270 355 2318 is
365 2267 445 2318 Darii
455 2265 559 2328 fuerat)
569 2262 752 2326 Arachosios,
765 2279 880 2330 quorum
891 2279 933 2316 re-

129 2338 179 2406 gio
191 2339 225 2390 ad
235 2337 381 2389 Ponticum
393 2349 469 2384 mare
480 2336 610 2399 pertinet,
623 2332 743 2399 subegit.
775 2331 932 2383 lbiexerci-
1022 2343 1023 2346 ’

128 2416 198 2465 tum,
220 2407 265 2472 qui
286 2404 336 2454 sub
356 2402 540 2455 Parmenione
560 2400 666 2461 fuerat,
687 2400 840 2465 occupavit.
877 2399 933 2453 Sex

106 2529 107 2534 Ἰ
128 2471 414 2524 milliaMacedonum
426 2474 512 2529 erant,
535 2475 564 2521 et
573 2468 618 2519 GC
628 2466 746 2528 nobiles,
766 2467 932 2534 etquinque

129 2540 221 2590 millia
232 2539 402 2592 Graecorum
414 2553 475 2588 cum
486 2535 626 2602 equitibus
638 2534 776 2598 ducentis,
797 2532 871 2584 haud
885 2532 937 2583 du)

126 2607 175 2659 bie
188 2609 274 2658 robur
285 2607 405 2656 omnium
416 2605 515 2654 virium
525 2603 613 2669 regis„
645 2601 669 2652 5.
681 2600 840 2652 Arachosiis
852 2601 932 2650 datus

126 2676 234 2726 Menon
245 2679 370 2739 praetor,
382 2673 420 2724 IV
430 2672 551 2723 millibus
562 2670 684 2737 peditum
696 2677 725 2720 et
733 2669 783 2720 Dc
793 2667 932 2734 equitibus

126 2745 157 2794 in
169 2739 340 2811 praesidium
351 2740 466 2791 relictis.
502 2740 563 2807 lpse
574 2753 622 2790 rex
635 2739 785 2855 natisoqem,
805 2750 839 2786 nc
851 2735 932 2810 liniti·

962 2887 1023 2998 Ι
