2048 3034
80 193 131 243 228
299 187 470 249 QUINTI
498 188 665 242 cuerit

80 308 162 411 paam
175 290 224 341 ille
238 304 330 340 rerum
344 289 481 341 laetarum
494 289 576 341 initia
589 288 786 408 intempestiva
795 275 885 342 morte
932 311 934 314 ·

100 358 217 420 estituit,
240 357 327 408 nihilo
342 357 487 409 remissius
506 356 636 424 agebant.
694 357 729 408 ed
749 357 784 408 ad
799 353 885 407 Phari

79 427 215 478 nabazum
231 431 260 476 et
272 424 500 492 Autophradaten
514 423 659 490 prolectas
669 426 750 492 Agis,
768 424 885 493 triginta

79 495 188 562 argenti
200 495 318 556 talenta,
329 493 481 560 decemque
490 495 619 544 triremes
630 492 801 560 impetrarit,
814 507 884 560 quas

77 561 212 628 Agesilao
223 561 303 614 fratri
313 562 403 623 misit,
422 568 454 612 ut
462 561 490 610 in
502 561 613 612 cretam
625 561 785 628 navigaret,
804 561 885 612 cuius

77 629 186 681 insulae
201 629 324 682 cultores
335 629 409 680 inter
420 628 661 680 Lacedaemonios
672 634 701 680 et
710 627 884 701 Macedones

78 697 196 749 diversis
211 699 312 749 studiis
328 695 563 748 distrahebantur.
599 694 700 762 Legati
717 711 827 762 queque
848 695 887 756 ad

75 765 192 817 Darium
201 766 280 818 missi
291 770 364 829 suut,
384 767 432 833 qui
444 765 472 816 in
487 781 567 816 usum
576 764 645 816 belli
655 764 818 830 ampliorem
828 761 895 814 vim?

74 835 219 900 pecuniae,
230 835 378 902 pluresque
390 848 474 884 naves
484 838 620 898 peterent.
658 833 745 898 Atque
756 829 826 881 haec
838 844 886 881 eo-

73 917 135 953 rum
155 909 256 969 coepta
275 901 370 953 clades
388 901 422 952 ad
439 900 527 951 lssum
542 903 616 963 (nam
632 915 666 950 ea
679 898 884 960 intervenerat)

76 969 147 1020 adeo
162 984 218 1020 non
231 967 430 1034 interpellavit,
451 972 482 1018 ut
495 967 578 1018 etiam
589 967 735 1018 adiuverit.
773 967 884 1034 Quippe

75 1033 231 1104 fugientem
250 1035 393 1086 insecutus
413 1034 572 1086 Alexander
590 1035 619 1085 in
638 1035 792 1102 longinqua
819 1035 886 1086 luca

76 1104 166 1172 magis
180 1105 324 1184 magisque
336 1103 508 1168 rapiebatur3
533 1110 562 1154 et
573 1118 608 1154 ex
617 1104 679 1170 ipso
692 1103 801 1169 proelio
813 1118 886 1155 mer·

78 1174 253 1222 senariorum
271 1183 370 1236 ingene
387 1169 536 1220 multitudo
551 1171 578 1220 in
593 1170 738 1221 Graeciam
754 1169 823 1237 fuga
839 1185 886 1238 pe·

77 1245 249 1289 netraverat:
263 1251 378 1303 quorum
391 1243 455 1287 octo
466 1237 555 1288 millia
565 1236 679 1289 Persica
689 1240 808 1306 pecunia
818 1243 886 1290 con-⁴

78 1305 158 1356 duxit
172 1304 251 1370 Agis,
272 1318 423 1372 eorumque
439 1319 525 1370 opera
544 1305 692 1372 plerasque
707 1307 885 1359 Cretensium

75 1371 161 1424 urbes
174 1372 290 1437 recepit.
327 1372 395 1422 Cum
410 1372 542 1438 deinceps
557 1372 670 1434 Menon,
690 1374 718 1424 in
733 1372 885 1426 Thraciam

77 1438 111 1490 ab
125 1440 282 1492 Alexandro
297 1439 407 1502 missus,
428 1439 563 1490 barbaros
579 1439 614 1490 ad
629 1439 817 1492 deiectionem
833 1443 885 1493 im-

74 1507 207 1573 pulisset,
228 1509 318 1574 adque
329 1522 389 1558 eam
402 1507 635 1574 comprimendam
647 1509 793 1575 Antipater
803 1523 885 1562 exer-

76 1576 161 1627 citum
172 1590 207 1627 ex
216 1576 385 1628 Macedonia
394 1577 422 1627 in
433 1575 580 1627 Thraciam
593 1574 729 1638 duxisset,
749 1585 884 1644 opportu-

75 1643 164 1694 nitate
174 1645 307 1712 temporis
319 1651 431 1696 strenue
443 1644 486 1694 usi
498 1643 715 1696 Lacedaemonii
730 1651 817 1695 totam
830 1645 884 1696 Pe-

75 1709 270 1778 loponnesum,
290 1715 386 1779 paucis
398 1710 513 1763 urbibus
525 1712 659 1779 exceptis,
679 1712 707 1762 in
722 1719 817 1778 partes
828 1723 885 1764 tra-

75 1785 186 1843 xerunt,
205 1781 391 1848 confectoque
411 1781 536 1832 exercitu
558 1781 658 1847 viginti
672 1781 789 1831 millium
806 1782 885 1848 pedi·

75 1851 142 1908 tum,
163 1863 224 1899 eum
234 1849 374 1918 equitibus
385 1848 429 1898 bis
443 1849 529 1910 mille,
550 1847 635 1916 Agidi
649 1864 781 1899 summam
796 1849 885 1916 impe-

75 1914 111 1964 rii
127 1915 294 1968 detulerunt.
330 1917 475 1981 Antipater
492 1931 525 1966 ea
538 1931 570 1966 re
586 1916 843 1982 comperta-bellum
855 1918 883 1967 in

76 1980 206 2046 Thracia,
218 1985 317 2051 quibus
329 1989 421 2049 potest
431 1983 648 2045 conditionibus,
660 1981 817 2051 componit3
839 2000 884 2035 ra-

74 2049 197 2117 ptimque
207 2053 235 2102 in
248 2051 392 2102 Graeciam
403 2063 565 2116 regressus,
586 2051 620 2101 ab
631 2052 727 2103 amieis
739 2051 884 2120 sociisque

75 2117 234 2170 civitatibus
245 2117 443 2182 auxiliacegit.
474 2117 581 2178 Quibus
592 2119 834 2182 convenientibus,
847 2122 884 2173 ad

75 2186 259 2252 quadraginta
275 2192 459 2252 pugnatorum
471 2186 558 2236 millia
569 2188 718 2238 recensuit.
755 2189 883 2240 Advene-

73 2257 118 2301 rat
136 2258 166 2302 et
186 2268 220 2304 ex
235 2252 430 2319 Peloponneso
446 2252 538 2306 valida
553 2271 663 2306 nranuss
682 2255 732 2307 sed
746 2256 812 2322 quia
833 2256 882 2306 du-

72 2317 145 2368 biam
158 2320 281 2383 ipsorum
294 2320 729 2384 iidemresciverat,dissimulata
741 2323 882 2390 suspicio-

72 2399 107 2436 ne
125 2387 230 2452 gratias
246 2389 319 2456 egit,
338 2389 412 2456 quod
423 2390 457 2441 ad
469 2391 671 2443 defendendam
683 2391 816 2442 adversus
828 2393 884 2443 La·

74 2453 271 2507 cedaemonios
281 2458 429 2509 Alexandri
442 2457 605 2526 dignitatem
621 2459 790 2511 adfuissent:
813 2461 883 2510 seri·

72 2527 182 2586 pturum
196 2537 226 2573 se
240 2524 268 2574 id
283 2526 353 2592 regi,
373 2527 491 2593 gratiam
502 2529 529 2576 in
541 2536 666 2592 tempure
678 2528 811 2578 relaturo.
851 2529 880 2578 ln

71 2601 204 2653 praesens
215 2590 285 2643 nihil
296 2609 364 2659 opus
376 2607 438 2644 esse
450 2594 601 2645 maioribus
612 2596 716 2662 copiis:
727 2596 823 2662 itaque
831 2596 881 2647 de·

71 2669 132 2706 mes
144 2657 276 2723 redirent,
287 2659 411 2711 foederis
423 2662 591 2712 necessitate
603 2663 723 2729 expleta.
757 2663 881 2716 Nuntios

50 2727 53 2734 '
72 2721 173 2775 deinde
185 2727 219 2776 ad
228 2729 415 2780 Alexandrum
426 2731 525 2791 mittit,
535 2730 570 2780 de
581 2737 659 2782 motu
671 2731 808 2783 Graeciae
820 2747 882 2784 cer·
