2054 3030
142 225 193 276 us
362 222 533 283 cornui
561 171 747 274 cuarrr'

142 321 276 387 equitum,
296 318 413 370 adsueta
432 319 558 386 corporis
579 320 736 380 custodiae,
760 324 788 368 et
805 318 956 384 pedestris

141 388 217 438 acies
234 387 418 454 quadraginta
435 387 525 437 millia
544 387 740 454 sequebantur.
775 387 800 436 b.
821 387 955 452 Hyrcani

141 453 242 505 deinde
253 453 384 521 Medique
396 455 515 522 equites:
527 452 570 506 his
579 455 701 520 proximi
711 458 869 506 ceterarum
880 469 953 521 gen·

139 522 219 584 tium,
238 523 337 574 dextra
353 522 488 589 laevaque
499 521 636 588 dispositi.
670 521 735 572 Hoc
748 536 858 588 agmen,
874 525 954 575 sicut

139 589 305 651 dictumest,
316 591 489 652 instructum,
501 604 551 640 sex
560 589 650 639 millia
658 589 844 640 iaculatorum
855 587 953 641 fundi·
968 629 970 634 .

138 664 285 724 torumque
298 657 509 709 antecedebant.
545 656 569 708 d.
590 656 731 723 Quidquid
747 657 776 706 in
791 656 849 708 illis
860 671 954 724 angu-

139 727 202 776 stiis
221 725 293 776 adiri
311 731 436 794 poterat,
455 725 638 791 impleverant
655 724 767 791 copiae3
785 738 954 792 cornuaque

140 792 203 844 hinc
214 793 401 860 oiugo,illinc
412 809 429 842 a
438 794 508 843 mari
517 793 638 843 stabant:
651 805 767 842 uxorem
773 797 953 860 matremque

138 861 214 928 regis
225 867 255 912 et
265 861 349 911 alium
364 860 529 911 feminarum
543 874 656 927 gregem
670 859 699 909 in
711 858 834 909 medium
845 874 952 926 agmen

139 935 313 994 acceperant.
357 928 383 977 i.
411 927 568 979 Alexander
592 926 771 994 phalangem,
796 941 852 994 qua
876 926 952 977 nihii

139 997 211 1063 apud
225 994 395 1045 Macedonas
409 995 529 1045 validius
544 1001 612 1055 erat,
630 995 659 1044 in
677 992 771 1044 fronte
788 996 952 1045 constituit.

140 1064 275 1114 Dextrum
286 1074 373 1112 cornu
383 1060 519 1123 Nicanor,
533 1061 727 1112 Parmenionis
744 1061 832 1124 iilius,
848 1061 951 1113 tueba-

139 1137 196 1181 tur:
217 1127 281 1178 huic
299 1129 420 1194 proximi
432 1128 544 1179 stabant
558 1131 679 1191 coenos,
701 1135 730 1180 et
741 1126 903 1190 Perdiccas,
922 1136 951 1179 et

140 1197 294 1262 Meleager,
310 1201 339 1244 et
355 1195 544 1258 Ptolemaeus,
564 1202 593 1246 et
604 1198 746 1263 Amyntas,
768 1197 813 1247 sui
827 1196 950 1262 quisquo

140 1265 258 1328 agminis
269 1261 363 1313 duces.
399 1265 425 1314 8.
444 1263 474 1313 ln
488 1262 582 1325 laevo,
604 1264 680 1330 quod
693 1264 950 1328 admarepertine-

139 1331 201 1391 bat,
216 1327 347 1380 Cratemrs
362 1335 391 1380 et
405 1330 554 1382 Parmenio
566 1338 658 1396 erant3
675 1333 725 1384 sed
736 1333 869 1384 craterus
879 1331 951 1382 Par-

139 1397 262 1448 menioni
279 1411 379 1463 parere
397 1399 499 1449 iussus.
535 1399 650 1464 Equites
670 1401 705 1450 ab
725 1404 844 1466 utroque
859 1413 952 1450 cornu

140 1465 238 1516 locati:
262 1464 408 1542 dextepum
429 1465 600 1518 Macedones
624 1465 768 1518 Thessalis
796 1466 950 1529 adiunctis,

139 1534 246 1584 laetum
269 1532 499 1599 Peloponnenses
524 1534 682 1608 tuebantur.
728 1534 753 1585 9.
781 1535 852 1584 Ante
875 1531 951 1586 hanc

139 1601 229 1651 aciem
246 1606 380 1668 posuerat
398 1599 569 1652 funditorum
587 1617 709 1663 manum,
729 1602 886 1668 sagittariis
901 1602 952 1652 ad·

138 1669 242 1720 mixtis.
277 1665 402 1720 Thraces
419 1683 529 1738 quoque
551 1675 580 1720 et
594 1670 742 1721 cretenses
761 1675 826 1720 ante
846 1684 952 1737 agmen

138 1737 225 1800 ibant,
237 1743 267 1788 et
275 1737 329 1803 ipsi
339 1735 441 1788 leviter
450 1737 557 1788 armati.
589 1738 629 1788 10.
640 1738 676 1787 At
684 1737 729 1797 iis,
741 1739 788 1803 qui
798 1737 952 1805 praemissi

139 1805 249 1856 aDario
260 1805 355 1872 iugum
366 1805 468 1856 montis
479 1805 793 1871 insederant,Agrianos
805 1806 952 1872 opposuit,

140 1888 175 1924 ex
202 1872 324 1924 Graecia
347 1888 435 1940 nuper
459 1874 601 1925 advectos.
651 1871 831 1922 Parmenioni
852 1879 951 1923 autem

140 1946 330 2008 praeceperat,
343 1947 383 2002 ut,
395 1946 526 2007 quantum
536 1945 641 2008 posset,
657 1955 757 2006 agmen
766 1939 802 1990 ad
811 1955 890 1991 mare
902 1954 951 1991 ex-

140 2007 281 2070 tenderet,
299 2021 353 2072 quo
364 2006 476 2074 longius
486 2008 761 2069 abessetmontibus,
781 2020 853 2074 quos
865 2022 951 2059 occu·

138 2084 273 2142 paverant
281 2073 403 2125 barbari.
440 2075 481 2124 ll.
499 2075 595 2137 Atilii,
607 2089 698 2141 neque
710 2076 822 2126 obstare
833 2076 951 2138 venien-

138 2143 222 2204 tibus,
234 2157 286 2193 nec
296 2141 442 2192 circumire
452 2148 680 2210 praetergressos
692 2143 760 2204 ausi,
772 2141 951 2194 funditorum

138 2211 257 2262 maxime
272 2211 405 2276 adspectu
420 2210 512 2261 territi
529 2209 724 2278 profugerant3
743 2223 831 2277 eaque
845 2225 894 2261 res
903 2215 950 2260 tu·

138 2283 196 2328 tum
206 2277 367 2329 Alexandro
378 2279 495 2345 agminis
505 2278 588 2341 latus,
600 2278 716 2345 quodne
728 2291 846 2344 superne
856 2279 953 2328 inces-

139 2350 249 2396 seretur
259 2347 399 2407 timuerat,
412 2346 562 2411 praestitit.
601 2348 638 2395 12.
658 2346 789 2412 Triginta
799 2351 828 2395 et
837 2345 895 2396 duo
905 2359 951 2396 ar·

137 2415 276 2462 matorum
292 2412 404 2464 ordines
417 2413 520 2477 ibant,
532 2427 622 2479 neque
637 2413 709 2463 enim
728 2413 811 2464 latius
831 2411 952 2465 extendi

137 2477 226 2529 aciem
245 2479 422 2559 patiebantur
440 2482 595 2559 angustiae.
635 2479 773 2530 Paulatim
793 2480 897 2532 deinde
917 2494 952 2530 se
1010 2521 1012 2560 5

137 2547 232 2597 laxare
243 2561 320 2597 sinus
331 2550 475 2608 montium,
494 2554 523 2598 et
531 2562 620 2598 nisius
630 2549 749 2614 spatium
760 2548 872 2613 aperire
882 2561 953 2598 coe·
1010 2573 1012 2610 ς

93 2650 96 2660 .
136 2618 248 2680 perant3
267 2615 309 2664 ita
327 2621 359 2664 ut
376 2630 432 2665 non
448 2614 535 2681 pedes
556 2613 645 2664 solum
660 2614 787 2681 pluribus
801 2615 956 2668 ordinibus

136 2680 348 2813 ἰυιὲουοίῗᾶεἷιῑὲεεᾶ
368 2683 452 2732 etiam
466 2697 483 2731 a
495 2681 630 2732 lateribus
650 2681 833 2735 circumfundi
848 2687 954 2752 posset

1004 945 1009 1192 i
