2048 3034
353 207 501 262 LIBER
526 209 560 260 V.
590 207 684 262 CAP.
713 211 737 260 l.
895 205 945 263 195

140 309 314 372 miraculum,
335 311 458 376 pensiles
476 309 549 362 horti
564 317 637 371 sunt,
659 325 792 362 summam
801 323 945 362 murorum

139 378 317 430 altitudinem
328 385 489 447 aequantes,
494 378 700 444 multorumque
708 378 836 430 arborum
845 379 944 430 umbra

140 447 479 510 etproceritateamoeni.
515 447 557 498 3³.
577 444 652 498 Saxo
668 445 751 510 pilae,
771 460 841 511 quoe
851 452 943 498 totum

140 529 211 562 onus
226 514 372 575 sustinent,
393 515 547 565 instructae
563 519 643 565 sunt:
664 527 748 578 super
761 512 832 577 pilas
848 513 943 579 lapide

140 579 275 645 quadrato
286 581 378 632 solum
388 589 505 632 stratum
517 589 570 643 est,
580 582 690 648 patiens
701 588 803 640 terroe,
814 595 896 646 quam
905 581 944 632 al·

139 652 197 697 tam
207 648 348 713 inliciunt3
370 656 398 699 et
408 647 546 710 humoris,
566 664 621 716 quo
633 649 841 766 rigantterras:
861 646 945 699 adeo·

140 729 194 782 que
208 715 313 768 validas
330 716 446 768 arbores
462 717 603 767 sustinent
615 731 661 766 mo
675 730 715 777 es,
736 719 767 764 ut
777 714 887 779 stipites
899 729 943 766 ea·

138 798 198 834 rum
209 783 273 837 Vlll
285 783 442 835 cubitorum
454 783 574 849 spatium
584 782 769 834 crassitudine
782 783 945 846 aequent‚in

139 849 163 900 L
173 850 275 917 pedum
286 851 464 902 altitudinem
476 853 628 914 emineant,
650 857 679 902 et
688 847 844 917 frugiferae
856 863 943 915 aeque

139 918 205 980 sint,
216 934 249 968 ac
261 919 286 969 si
298 923 375 969 terra
385 933 436 969 sua
447 919 597 970 alerentur.
626 919 667 969 34.
678 917 716 968 Et
725 931 809 984 quum
819 922 945 968 vetustas

138 999 195 1036 non
206 999 294 1050 opera
303 985 394 1036 solum
403 985 583 1048 manufacta,
603 986 653 1038 sed
669 987 753 1038 etiam
767 986 857 1050 ipsam
867 990 945 1035 natu·

138 1067 200 1102 ram
208 1052 344 1118 paulatim
354 1053 499 1106 exedendo
514 1056 645 1120 perimet:
666 1052 738 1105 haec
752 1052 852 1114 moles,
873 1066 944 1118 quae

138 1124 185 1169 tot
203 1120 333 1170 arborum
352 1120 493 1174 radicibus
511 1123 655 1188 premitur,
675 1123 801 1187 tantique
822 1120 944 1172 nemoris

138 1186 264 1252 pondere
276 1196 392 1239 onerata
402 1197 454 1252 est,
463 1191 600 1242 inviolata
611 1188 704 1252 durat3
717 1191 818 1257 quippe
831 1188 884 1240 XX
894 1188 946 1238 lati

137 1255 262 1320 parietes
273 1257 419 1320 sustinent,
426 1258 553 1310 undecim
566 1258 667 1324 pedum
677 1258 828 1310 intervallo
840 1257 944 1307 distan-

137 1329 191 1386 tes,
212 1329 245 1374 ut
256 1326 355 1390 procul
368 1327 522 1378 visentibus
534 1326 622 1378 silvae
633 1327 774 1379 montibus
785 1327 844 1376 suis
854 1323 943 1375 immi·

137 1404 205 1441 nere
225 1389 380 1444 rideantur.
416 1394 457 1445 35.
478 1393 579 1462 Syriae
599 1410 708 1461 regem,
732 1393 879 1461 Babylone
899 1407 943 1442 re-

131 1458 338 1526 gnantemhoc
347 1476 416 1527 opus
428 1477 490 1512 esse
501 1463 628 1513 molitum
638 1463 790 1514 memoriae
800 1460 943 1527 proditum

138 1531 190 1588 est,
210 1541 306 1579 amore
317 1529 446 1596 coniugis
458 1531 574 1592 viotum3
595 1545 676 1596 quae,
695 1530 942 1580 desiderionemo-

135 1607 197 1644 rum
207 1595 408 1663 sllrarumque,
419 1597 449 1646 in
460 1597 661 1664 campestribus
673 1597 755 1657 locis,
766 1598 856 1646 virum
868 1610 943 1646 oom-

135 1661 209 1728 pulit
223 1669 338 1713 naturae
349 1665 461 1730 genium
472 1665 642 1714 amoenitate
652 1662 734 1714 huius
747 1663 840 1729 operis
851 1663 943 1712 imita·

135 1730 170 1780 rl.
206 1729 249 1781 36.
268 1729 382 1781 Diutius
396 1732 425 1780 in
440 1728 492 1781 hac
509 1730 578 1780 urbe
594 1745 676 1796 quam
687 1745 803 1797 usquam
815 1729 944 1780 constitit

136 1811 200 1847 rex:
220 1797 273 1849 nec
292 1798 367 1849 ullus
383 1798 463 1849 locus
477 1797 643 1864 disciplinae
658 1797 776 1848 militari
791 1795 882 1860 magis
893 1809 942 1845 no·

137 1865 205 1916 eult.
239 1864 318 1917 Nihil
327 1865 405 1917 urbis
416 1866 477 1916 eius
488 1867 646 1932 corruptius
662 1863 801 1925 moribus,
822 1859 894 1912 nihil
907 1861 943 1912 ad

134 1932 290 1984 irritandas
310 1934 525 2001 illiciendosque
545 1934 710 1985 immodicas
730 1932 889 1996 voluptates
902 1929 942 1979 in·

136 2001 281 2052 structius.
318 2001 358 2052 3¹1.
377 2001 498 2054 Liberos
509 2003 701 2069 coniugesque
712 2016 773 2051 cum
783 1996 942 2064 hospitibus

136 2074 234 2134 stupro
247 2071 323 2120 coire
328 2106 336 2132 ‚
356 2070 441 2122 modo
452 2072 571 2139 pretium
582 2070 683 2138 flagitii
695 2069 788 2129 detur,
809 2071 940 2132 parentes

133 2136 285 2203 maritique
306 2140 456 2203 patiuntur.
493 2139 661 2191 conrivales
675 2135 735 2188 ludi
750 2141 811 2186 tote
822 2132 939 2188 Perside

133 2204 250 2270 regibus
264 2207 478 2274 purpuratisque
494 2207 574 2258 cordi
589 2212 665 2257 sunt:
684 2202 836 2268 Babylonii
855 2201 940 2252 maxi-

133 2274 223 2323 mein
236 2275 338 2336 vinum,
359 2279 387 2325 et
401 2289 471 2342 quae
489 2275 654 2326 ebrietatem
671 2275 832 2338 sequuntur,
856 2267 940 2320 effusi

134 2346 209 2390 sunt.
245 2341 287 2392 38.
306 2341 491 2404 Feminarum,
508 2341 636 2392 convivia
644 2339 810 2400 ineuntium,
824 2337 853 2388 in
863 2338 937 2403 prin·

133 2409 211 2474 cipio
230 2411 375 2461 modestus
395 2418 439 2461 est
458 2409 582 2460 habitus:
602 2408 668 2459 dein
688 2422 793 2458 summa
812 2405 938 2474 quaeque

133 2477 256 2528 amiculo
267 2479 575 2594 exuunt,paulatimque
587 2476 721 2543 pudorem
730 2473 892 2541 profanent:
903 2471 939 2522 ad

128 2545 262 2598 ultimum
281 2545 383 2608 (honos
401 2547 513 2597 auribus
548 2545 640 2595 abitus
656 2544 705 2607 sit)
719 2543 774 2594 ime
789 2553 938 2608 corporum

131 2615 294 2666 velamenta
303 2616 463 2682 proliciunt.
492 2613 551 2665 Nee
563 2613 738 2664 meretricum
750 2609 804 2662 hoc
815 2607 938 2659 dedecus

132 2691 187 2745 est,
202 2685 252 2734 sed
264 2691 450 2734 matronarum
462 2683 665 2750 virginumque,
685 2679 757 2748 apud
771 2693 838 2745 quas
854 2676 938 2725 comi·

130 2761 176 2805 tas
191 2750 310 2803 liabetur
323 2751 428 2819 vulgati
442 2751 569 2818 corporis
584 2749 701 2868 vilitasN
713 2746 765 2864 239.
783 2746 858 2796 lnter
869 2739 938 2791 baec
