2048 3034
140 164 192 216 2⁰4
361 157 726 220 eulN'l·1CURTll

141 261 339 329 sequebantur.
377 261 417 313 lll.
437 261 634 327 Noxquoque,
655 266 684 310 et
692 260 791 325 ignota
800 259 891 326 regio,
913 275 948 312 ac

142 331 207 391 dur,
223 330 358 380 incertum
369 345 404 381 an
415 332 483 381 satis
494 329 577 389 lidus,
595 327 815 392 multiplicabant
824 333 947 378 metum=

142 398 168 449 sl
178 396 311 453 custodes
322 395 482 458 fefellisset,
501 397 579 464 quasi
591 395 666 446 leras
674 394 781 444 bestias
792 395 869 459 ipsos
880 411 947 462 pos·

142 479 174 516 se
187 463 367 531 deprehendi.
403 465 445 516 lix
455 466 536 514 unius
547 463 650 529 captivi
660 463 705 512 vel
720 462 775 512 fide
790 462 838 512 vel
851 465 948 515 anima

141 532 264 599 pendere
279 538 308 582 et
320 533 397 600 regis
408 531 526 582 salutem
537 537 566 581 ct
576 545 662 581 suam.
698 531 738 578 2⁰.
758 530 885 580 Tandem
900 546 946 582 ve-

141 614 209 650 nere
221 601 251 649 in
264 601 369 668 iugum.
406 601 426 649 ll
441 599 556 650 deutera
565 599 619 648 iter
629 597 664 647 ad
674 597 764 662 ipsum
777 598 946 649 Ariobarza-

141 683 203 718 nem
224 674 297 718 erat:
318 665 363 717 lric
380 665 520 716 Philotam
536 672 566 716 et
578 665 693 715 Coenon
710 679 770 714 cum
780 666 903 732 Amynta
917 675 948 717 et

142 734 362 801 Polyperconte,
380 734 537 801 expeditam
548 731 680 784 babentes
691 732 946 800 manum,··reliquit‚

141 803 272 864 monitos,
293 808 332 864 ut,
354 803 419 868 quia
429 816 514 869 eques
525 800 611 866 pediti
623 805 684 850 erat
694 800 805 861 mixtus,
822 815 877 867 qua
887 801 946 866 piu-

141 871 304 937 guissimum
316 878 392 920 esset
401 870 492 920 solum
507 875 536 919 et
545 867 639 934 pabuli
650 865 754 929 fertile,
766 869 870 918 sensim
882 883 945 935 pro-

142 938 288 988 cederent:
309 936 394 987 duces
415 937 525 986 itineris
546 937 580 986 de
596 935 712 1000 captivis
723 935 790 985 dati.
825 937 944 1001 21.lpse

141 1020 202 1055 cum
214 1003 361 1069 armigeris
373 1010 401 1054 et
410 1005 465 1065 ala,
483 1017 563 1071 quam
574 1005 679 1069 ilgema
688 1002 839 1068 appellant,
856 1004 945 1054 ardus

141 1073 251 1133 semita,
272 1071 322 1120 sad
342 1069 455 1136 lougius
475 1085 492 1120 a
505 1070 673 1120 stationibus
688 1067 809 1120 bostium
823 1077 944 1132 remota,

140 1139 228 1190 multa
247 1151 308 1188 cura
328 1139 476 1187 vexatione
494 1141 641 1203 processit.
686 1136 944 1188 remediantur
1015 1187 1016 1198 ,

141 1206 211 1264 dies,
220 1210 249 1254 et
259 1203 384 1270 fatigatis
395 1205 555 1256 neccssaria
564 1204 659 1270 quies:
667 1205 769 1271 quippe
779 1206 944 1256 tantundem
1015 1205 1016 1268 ἶ

139 1274 249 1321 itineris
260 1277 419 1336 supererat,
430 1277 561 1340 quantum
572 1273 678 1323 emensi
688 1278 778 1332 erant3
790 1272 841 1322 sed
852 1273 943 1324 minus
1015 1273 1016 1336 3

139 1338 301 1404 praecipitis
321 1344 403 1404 atque
424 1339 512 1390 ardui.
547 1340 589 1390 23.
616 1340 712 1406 ltaque
737 1338 854 1391 refectis
878 1341 943 1392 cibo
1015 1401 1016 1404 Ἴ

140 1419 294 1472 somnoque
305 1405 449 1468 nrilitibus,
470 1406 594 1457 secunda
605 1407 703 1474 vigilia
716 1408 816 1474 surgit.
852 1407 890 1459 Et
900 1423 944 1460 ce·

139 1479 200 1523 tera
211 1474 322 1540 quidem
333 1470 406 1524 haud
417 1488 502 1542 aegre
512 1476 665 1541 praeteriit.
695 1473 834 1537 Ceterum,
847 1491 903 1542 qua
913 1491 945 1526 se
1015 1529 1016 1534 ,

139 1541 236 1608 iugum
247 1542 381 1592 montium
393 1541 536 1608 paullatim
552 1541 588 1594 ad
605 1542 731 1608 planiora
744 1542 883 1605 demittit,
904 1544 944 1594 in·
1015 1587 1016 1600 2

140 1623 209 1676 gens
229 1623 335 1676 uorago
352 1625 490 1661 concursu
506 1616 605 1661 cavata
618 1610 783 1660 torrentium
797 1611 944 1678 iterrupe·
1015 1609 1016 1672 ᾖ

138 1681 190 1726 rat.
227 1677 269 1726 tl.
288 1678 328 1728 lld
344 1676 413 1729 haec
427 1679 557 1728 arborum
573 1679 643 1728 rami
656 1677 727 1728 alius
739 1677 794 1727 allo
806 1678 944 1745 implicati
1015 1733 1016 1738 η

139 1753 168 1795 et
182 1749 325 1807 coeuntes,
347 1752 379 1798 ut
393 1753 552 1814 perpetuam
568 1745 729 1796 obiecerant
747 1759 852 1811 sepem.
888 1745 946 1796 De·
1015 1745 1016 1794 ζ

139 1815 264 1878 operatio
273 1814 361 1882 igitur
370 1815 483 1881 ingens,
495 1815 580 1876 adeo,
592 1819 622 1863 ut
631 1812 678 1863 vix
687 1811 810 1878 lacrimis
821 1813 947 1864 abstine·

138 1887 215 1942 rent,
235 1881 398 1932 incesserat.
435 1881 477 1930 25.
496 1880 651 1946 Praecipue
667 1879 824 1930 obscuritas
838 1881 945 1931 terrori
1015 1877 1016 1946 ξ

140 1955 216 1998 erat:
247 1963 308 1998 narn
322 1949 431 1999 etiamsi
446 1963 501 2013 qua
514 1948 608 1997 sidera
620 1946 834 2008 internitebant,
855 1949 945 1998 conti·
1015 1975 1016 2000 l

137 2016 213 2066 nenti
226 2015 326 2066 froude
337 2021 429 2065 tectae
439 2015 554 2065 arbores
567 2014 730 2080 conspicere
745 2013 943 2080 prohibebant.

137 2081 180 2132 Ne
196 2083 303 2133 aurium
323 2081 434 2148 quidem
445 2097 510 2131 usus
525 2088 678 2146 supererat,
699 2081 783 2132 silvas
797 2083 945 2148 quatiente

137 2156 236 2212 vento;
262 2163 333 2215 quae
353 2149 577 2199 concutientibus
597 2149 683 2199 ramis
704 2149 840 2200 maiorem
860 2165 943 2216 quarn

138 2232 188 2282 pro
201 2215 268 2267 llatu
277 2230 374 2266 sonum
385 2215 547 2266 reddebant.
582 2216 624 2267 26.
643 2217 767 2266 Tandem
779 2223 946 2283 exspectata

137 2285 185 2334 lua
197 2283 301 2343 omnia,
313 2296 383 2348 quae
394 2283 566 2334 terribiliora
574 2299 629 2333 nox
639 2281 755 2345 fecerat,
765 2286 879 2335 minuit:
891 2286 945 2334 cir-

138 2349 236 2400 cumiri
253 2350 332 2400 brevi
346 2352 437 2417 spatio
455 2357 566 2418 poterat
577 2351 696 2414 eluvies3
717 2351 808 2401 etsibi
822 2353 946 2418 quisque

138 2417 194 2467 dux
203 2416 312 2467 itineris
323 2424 456 2485 coeperat
465 2418 535 2468 lieri.
571 2419 613 2469 li.
625 2417 753 2470 Evadunt
763 2433 832 2485 ergo
842 2419 873 2470 in
885 2420 948 2471 edi·

137 2491 194 2535 tum
214 2485 360 2536 verticem
381 2500 416 2536 ex
435 2501 491 2552 quo
511 2484 631 2536 bostium
645 2489 768 2537 statione
779 2494 948 2604 conspecta,

137 2559 251 2604 strenue
268 2555 375 2616 armati,
396 2568 413 2603 a
425 2559 507 2620 tergo
522 2568 552 2604 se
568 2554 719 2607 ostendunt
733 2551 803 2604 nihil
816 2560 847 2605 ta
859 2569 875 2605 e
886 2569 944 2606 me·

137 2619 292 2684 tuentibus3
312 2636 428 2688 quorum
444 2621 535 2688 pauci,
556 2621 603 2688 qui
617 2621 751 2687 congredi
768 2621 830 2672 ausi
852 2629 945 2684 erant,

138 2690 212 2740 caesi
234 2696 306 2741 sunt.
342 2689 385 2741 28.
408 2689 505 2756 ltaque
526 2686 590 2739 hinc
609 2689 786 2739 morientium
806 2691 944 2756 gemitus,
