<?xml version="1.0" encoding="UTF-8"?>
<!DOCTYPE html PUBLIC "-//W3C//DTD XHTML 1.0 Transitional//EN"
    "http://www.w3.org/TR/xhtml1/DTD/xhtml1-transitional.dtd">
<html xmlns="http://www.w3.org/1999/xhtml" xml:lang="en" lang="en">
 <head>
  <title>
</title>
<meta http-equiv="Content-Type" content="text/html;charset=utf-8" />
  <meta name='ocr-system' content='tesseract 3.04.00' />
  <meta name='ocr-capabilities' content='ocr_page ocr_carea ocr_par ocr_line ocrx_word'/>
</head>
<body>
  <div class='ocr_page' id='page_1' title='image "./qcurtiirufidere00johagoog_0309.png"; bbox 0 0 2082 3042; ppageno 0'>
   <div class='ocr_carea' id='block_1_1' title="bbox 113 146 919 316">
    <p class='ocr_par' dir='ltr' id='par_1_1' title="bbox 113 146 919 316">
     <span class='ocr_line' id='line_1_1' title="bbox 303 146 919 203; baseline 0.008 -6"><span class='ocrx_word' id='word_1_1' title='bbox 303 146 451 199; x_wconf 76' lang='lat' dir='ltr'>LIBER</span> <span class='ocrx_word' id='word_1_2' title='bbox 477 146 543 200; x_wconf 90' lang='lat' dir='ltr'>Vll.</span> <span class='ocrx_word' id='word_1_3' title='bbox 575 147 672 199; x_wconf 81' lang='lat' dir='ltr'>oAP.</span> <span class='ocrx_word' id='word_1_4' title='bbox 702 149 726 200; x_wconf 80' lang='lat'>9.</span> <span class='ocrx_word' id='word_1_5' title='bbox 868 148 919 203; x_wconf 77' lang='lat'>297</span> 
     </span>
     <span class='ocr_line' id='line_1_2' title="bbox 113 246 917 316; baseline 0.004 -15"><span class='ocrx_word' id='word_1_6' title='bbox 113 261 204 301; x_wconf 85' lang='lat' dir='ltr'>terum</span> <span class='ocrx_word' id='word_1_7' title='bbox 218 254 329 315; x_wconf 82' lang='lat' dir='ltr'>praeter</span> <span class='ocrx_word' id='word_1_8' title='bbox 342 246 414 301; x_wconf 91' lang='lat' dir='ltr'>hanc</span> <span class='ocrx_word' id='word_1_9' title='bbox 428 249 550 315; x_wconf 91' lang='lat' dir='ltr'>speciem</span> <span class='ocrx_word' id='word_1_10' title='bbox 565 248 633 314; x_wconf 80' lang='lat' dir='ltr'>ripis</span> <span class='ocrx_word' id='word_1_11' title='bbox 643 250 828 316; x_wconf 85' lang='lat' dir='ltr'>praesidentis</span> <span class='ocrx_word' id='word_1_12' title='bbox 839 266 917 305; x_wconf 83' lang='lat' dir='ltr'>exer-</span> 
     </span>
    </p>
   </div>
   <div class='ocr_carea' id='block_1_2' title="bbox 112 315 1007 388">
    <p class='ocr_par' dir='ltr' id='par_1_2' title="bbox 112 315 1007 388">
     <span class='ocr_line' id='line_1_3' title="bbox 112 315 1007 388; baseline 0.006 -20"><span class='ocrx_word' id='word_1_13' title='bbox 112 319 194 379; x_wconf 89' lang='lat' dir='ltr'>citus,</span> <span class='ocrx_word' id='word_1_14' title='bbox 214 317 314 384; x_wconf 82' lang='lat' dir='ltr'>ingens</span> <span class='ocrx_word' id='word_1_15' title='bbox 333 317 495 384; x_wconf 79' lang='lat' dir='ltr'>navigantes</span> <span class='ocrx_word' id='word_1_16' title='bbox 513 323 608 367; x_wconf 89' lang='lat' dir='ltr'>terror</span> <span class='ocrx_word' id='word_1_17' title='bbox 627 315 777 370; x_wconf 81' lang='lat' dir='ltr'>invaserat:</span> <span class='ocrx_word' id='word_1_18' title='bbox 797 335 916 388; x_wconf 86' lang='lat' dir='ltr'>namque</span> <span class='ocrx_word' id='word_1_19' title='bbox 1004 334 1007 346; x_wconf 72' lang='grc'>’</span> 
     </span>
    </p>
   </div>
   <div class='ocr_carea' id='block_1_3' title="bbox 111 383 915 456">
    <p class='ocr_par' dir='ltr' id='par_1_3' title="bbox 111 383 915 456">
     <span class='ocr_line' id='line_1_4' title="bbox 111 383 915 456; baseline 0.009 -22"><span class='ocrx_word' id='word_1_20' title='bbox 111 398 224 434; x_wconf 86' lang='lat' dir='ltr'>cursum</span> <span class='ocrx_word' id='word_1_21' title='bbox 235 383 446 450; x_wconf 77' lang='lat' dir='ltr'>gubernatores,</span> <span class='ocrx_word' id='word_1_22' title='bbox 467 401 549 450; x_wconf 91' lang='lat' dir='ltr'>quum</span> <span class='ocrx_word' id='word_1_23' title='bbox 563 383 678 450; x_wconf 88' lang='lat' dir='ltr'>obliquo</span> <span class='ocrx_word' id='word_1_24' title='bbox 696 383 806 436; x_wconf 87' lang='lat' dir='ltr'>flumine</span> <span class='ocrx_word' id='word_1_25' title='bbox 818 387 915 456; x_wconf 85' lang='lat' dir='ltr'>impcl</span> 
     </span>
    </p>
   </div>
   <div class='ocr_carea' id='block_1_4' title="bbox 12 443 916 580">
    <p class='ocr_par' dir='ltr' id='par_1_4' title="bbox 12 443 916 580">
     <span class='ocr_line' id='line_1_5' title="bbox 12 443 914 519; baseline 0.009 -19"><span class='ocrx_word' id='word_1_26' title='bbox 12 443 13 480; x_wconf 72' lang='grc' dir='ltr'>ἶ</span> <span class='ocrx_word' id='word_1_27' title='bbox 111 453 249 512; x_wconf 86' lang='lat' dir='ltr'>ferentur,</span> <span class='ocrx_word' id='word_1_28' title='bbox 268 465 367 518; x_wconf 85' lang='lat' dir='ltr'>regere</span> <span class='ocrx_word' id='word_1_29' title='bbox 382 466 438 501; x_wconf 94' lang='lat' dir='ltr'>non</span> <span class='ocrx_word' id='word_1_30' title='bbox 452 457 594 517; x_wconf 84' lang='lat' dir='ltr'>poterant3</span> <span class='ocrx_word' id='word_1_31' title='bbox 616 450 833 519; x_wconf 82' lang='lat' dir='ltr'>vacillantesque</span> <span class='ocrx_word' id='word_1_32' title='bbox 842 457 914 508; x_wconf 90' lang='lat' dir='ltr'>mili·</span> 
     </span>
     <span class='ocr_line' id='line_1_6' title="bbox 12 519 916 580; baseline 0.007 -11"><span class='ocrx_word' id='word_1_33' title='bbox 12 539 14 554; x_wconf 81' lang='lat'>.</span> <span class='ocrx_word' id='word_1_34' title='bbox 112 527 166 580; x_wconf 90' lang='lat' dir='ltr'>tes,</span> <span class='ocrx_word' id='word_1_35' title='bbox 178 525 251 569; x_wconf 90' lang='lat' dir='ltr'>etne</span> <span class='ocrx_word' id='word_1_36' title='bbox 262 524 458 569; x_wconf 81' lang='lat' dir='ltr'>excuterentur</span> <span class='ocrx_word' id='word_1_37' title='bbox 468 519 594 580; x_wconf 84' lang='lat' dir='ltr'>solliciti,</span> <span class='ocrx_word' id='word_1_38' title='bbox 606 525 750 570; x_wconf 86' lang='lat' dir='ltr'>nautarum</span> <span class='ocrx_word' id='word_1_39' title='bbox 760 522 916 574; x_wconf 88' lang='lat' dir='ltr'>ministeria</span> 
     </span>
    </p>
   </div>
   <div class='ocr_carea' id='block_1_5' title="bbox 107 584 924 1058">
    <p class='ocr_par' dir='ltr' id='par_1_5' title="bbox 107 584 924 1058">
     <span class='ocr_line' id='line_1_7' title="bbox 110 584 914 653; baseline 0.006 -17"><span class='ocrx_word' id='word_1_40' title='bbox 110 585 299 637; x_wconf 76' lang='lat' dir='ltr'>turbaverant.</span> <span class='ocrx_word' id='word_1_41' title='bbox 334 587 359 636; x_wconf 75' lang='lat' dir='ltr'>i.</span> <span class='ocrx_word' id='word_1_42' title='bbox 378 584 438 638; x_wconf 90' lang='lat' dir='ltr'>Nec</span> <span class='ocrx_word' id='word_1_43' title='bbox 451 586 509 636; x_wconf 88' lang='lat' dir='ltr'>tela</span> <span class='ocrx_word' id='word_1_44' title='bbox 524 585 635 653; x_wconf 88' lang='lat' dir='ltr'>quidem</span> <span class='ocrx_word' id='word_1_45' title='bbox 646 587 741 636; x_wconf 81' lang='lat' dir='ltr'>conati</span> <span class='ocrx_word' id='word_1_46' title='bbox 753 587 817 638; x_wconf 89' lang='lat' dir='ltr'>nisu</span> <span class='ocrx_word' id='word_1_47' title='bbox 827 589 914 642; x_wconf 85' lang='lat' dir='ltr'>vibra-</span> 
     </span>
     <span class='ocr_line' id='line_1_8' title="bbox 111 653 915 721; baseline 0.005 -18"><span class='ocrx_word' id='word_1_48' title='bbox 111 667 141 703; x_wconf 89' lang='lat' dir='ltr'>re</span> <span class='ocrx_word' id='word_1_49' title='bbox 153 658 297 719; x_wconf 87' lang='lat' dir='ltr'>poterant,</span> <span class='ocrx_word' id='word_1_50' title='bbox 319 669 402 720; x_wconf 91' lang='lat' dir='ltr'>quum</span> <span class='ocrx_word' id='word_1_51' title='bbox 412 653 490 718; x_wconf 88' lang='lat' dir='ltr'>prior</span> <span class='ocrx_word' id='word_1_52' title='bbox 500 653 593 704; x_wconf 82' lang='lat' dir='ltr'>standi</span> <span class='ocrx_word' id='word_1_53' title='bbox 604 654 664 704; x_wconf 88' lang='lat' dir='ltr'>sine</span> <span class='ocrx_word' id='word_1_54' title='bbox 675 653 813 721; x_wconf 90' lang='lat' dir='ltr'>periculo,</span> <span class='ocrx_word' id='word_1_55' title='bbox 851 671 915 708; x_wconf 83' lang='lat' dir='ltr'>uam</span> 
     </span>
     <span class='ocr_line' id='line_1_9' title="bbox 110 719 915 781; baseline 0.006 -11"><span class='ocrx_word' id='word_1_56' title='bbox 110 719 221 772; x_wconf 89' lang='lat' dir='ltr'>hostem</span> <span class='ocrx_word' id='word_1_57' title='bbox 230 720 400 781; x_wconf 89' lang='lat' dir='ltr'>incessendi,</span> <span class='ocrx_word' id='word_1_58' title='bbox 412 735 478 772; x_wconf 86' lang='lat' dir='ltr'>cura</span> <span class='ocrx_word' id='word_1_59' title='bbox 488 726 572 771; x_wconf 86' lang='lat' dir='ltr'>esset.</span> <span class='ocrx_word' id='word_1_60' title='bbox 598 721 915 775; x_wconf 82' lang='lat' dir='ltr'>Tormentasalutrfue-</span> 
     </span>
     <span class='ocr_line' id='line_1_10' title="bbox 109 785 924 855; baseline 0.005 -18"><span class='ocrx_word' id='word_1_61' title='bbox 109 794 183 850; x_wconf 87' lang='lat' dir='ltr'>runt,</span> <span class='ocrx_word' id='word_1_62' title='bbox 203 788 303 855; x_wconf 88' lang='lat' dir='ltr'>quibus</span> <span class='ocrx_word' id='word_1_63' title='bbox 323 789 353 839; x_wconf 94' lang='lat' dir='ltr'>in</span> <span class='ocrx_word' id='word_1_64' title='bbox 372 785 516 838; x_wconf 87' lang='lat' dir='ltr'>confertos</span> <span class='ocrx_word' id='word_1_65' title='bbox 536 802 568 838; x_wconf 88' lang='lat' dir='ltr'>ac</span> <span class='ocrx_word' id='word_1_66' title='bbox 588 793 693 839; x_wconf 88' lang='lat' dir='ltr'>temere</span> <span class='ocrx_word' id='word_1_67' title='bbox 708 802 738 838; x_wconf 89' lang='lat' dir='ltr'>se</span> <span class='ocrx_word' id='word_1_68' title='bbox 753 787 924 851; x_wconf 75' lang='lat' dir='ltr'>offerentes,¹</span> 
     </span>
     <span class='ocr_line' id='line_1_11' title="bbox 108 853 915 926; baseline 0.005 -21"><span class='ocrx_word' id='word_1_69' title='bbox 108 853 183 906; x_wconf 86' lang='lat' dir='ltr'>haud</span> <span class='ocrx_word' id='word_1_70' title='bbox 197 854 305 908; x_wconf 86' lang='lat' dir='ltr'>frustra</span> <span class='ocrx_word' id='word_1_71' title='bbox 318 869 438 906; x_wconf 79' lang='lat' dir='ltr'>excusse</span> <span class='ocrx_word' id='word_1_72' title='bbox 452 861 516 905; x_wconf 88' lang='lat' dir='ltr'>sunt</span> <span class='ocrx_word' id='word_1_73' title='bbox 530 855 595 905; x_wconf 87' lang='lat' dir='ltr'>tela.</span> <span class='ocrx_word' id='word_1_74' title='bbox 631 855 655 905; x_wconf 86' lang='grc'>8.</span> <span class='ocrx_word' id='word_1_75' title='bbox 675 855 791 905; x_wconf 83' lang='lat' dir='ltr'>Barbari</span> <span class='ocrx_word' id='word_1_76' title='bbox 805 872 915 926; x_wconf 89' lang='lat' dir='ltr'>quoque</span> 
     </span>
     <span class='ocr_line' id='line_1_12' title="bbox 107 921 915 992; baseline 0.004 -19"><span class='ocrx_word' id='word_1_77' title='bbox 107 923 251 990; x_wconf 83' lang='lat' dir='ltr'>ingentem</span> <span class='ocrx_word' id='word_1_78' title='bbox 264 923 320 973; x_wconf 83' lang='lat' dir='ltr'>rim</span> <span class='ocrx_word' id='word_1_79' title='bbox 339 922 503 988; x_wconf 83' lang='lat' dir='ltr'>sagittarum</span> <span class='ocrx_word' id='word_1_80' title='bbox 523 921 652 973; x_wconf 81' lang='lat' dir='ltr'>infudere</span> <span class='ocrx_word' id='word_1_81' title='bbox 673 923 792 974; x_wconf 82' lang='lat' dir='ltr'>ratibus:</span> <span class='ocrx_word' id='word_1_82' title='bbox 813 926 915 992; x_wconf 79' lang='lat' dir='ltr'>vixque</span> 
     </span>
     <span class='ocr_line' id='line_1_13' title="bbox 108 987 915 1058; baseline 0.005 -18"><span class='ocrx_word' id='word_1_83' title='bbox 108 989 197 1040; x_wconf 90' lang='lat' dir='ltr'>ullum</span> <span class='ocrx_word' id='word_1_84' title='bbox 207 987 262 1040; x_wconf 89' lang='lat' dir='ltr'>fuit</span> <span class='ocrx_word' id='word_1_85' title='bbox 272 994 394 1050; x_wconf 87' lang='lat' dir='ltr'>scutum,</span> <span class='ocrx_word' id='word_1_86' title='bbox 415 989 490 1055; x_wconf 91' lang='lat' dir='ltr'>quod</span> <span class='ocrx_word' id='word_1_87' title='bbox 502 1004 558 1040; x_wconf 92' lang='lat' dir='ltr'>non</span> <span class='ocrx_word' id='word_1_88' title='bbox 569 989 695 1055; x_wconf 87' lang='lat' dir='ltr'>pluribus</span> <span class='ocrx_word' id='word_1_89' title='bbox 705 990 789 1041; x_wconf 89' lang='lat' dir='ltr'>simul</span> <span class='ocrx_word' id='word_1_90' title='bbox 799 991 915 1058; x_wconf 85' lang='lat' dir='ltr'>spiculis</span> 
     </span>
    </p>
   </div>
   <div class='ocr_carea' id='block_1_6' title="bbox 12 1035 913 1124">
    <p class='ocr_par' dir='ltr' id='par_1_6' title="bbox 12 1035 913 1124">
     <span class='ocr_line' id='line_1_14' title="bbox 12 1035 913 1124; baseline 0.006 -18"><span class='ocrx_word' id='word_1_91' title='bbox 12 1035 13 1080; x_wconf 20' lang='grc' dir='ltr'>Ψ</span> <span class='ocrx_word' id='word_1_92' title='bbox 108 1055 310 1123; x_wconf 80' lang='lat' dir='ltr'>perforaretur.</span> <span class='ocrx_word' id='word_1_93' title='bbox 347 1055 371 1106; x_wconf 78' lang='lat'>9.</span> <span class='ocrx_word' id='word_1_94' title='bbox 383 1056 496 1123; x_wconf 81' lang='lat' dir='ltr'>lamque</span> <span class='ocrx_word' id='word_1_95' title='bbox 505 1059 597 1108; x_wconf 86' lang='lat' dir='ltr'>terrae</span> <span class='ocrx_word' id='word_1_96' title='bbox 607 1064 683 1108; x_wconf 89' lang='lat' dir='ltr'>rates</span> <span class='ocrx_word' id='word_1_97' title='bbox 694 1058 913 1124; x_wconf 83' lang='lat' dir='ltr'>applicabantur,</span> 
     </span>
    </p>
   </div>
   <div class='ocr_carea' id='block_1_7' title="bbox 12 1123 915 1463">
    <p class='ocr_par' dir='ltr' id='par_1_7' title="bbox 12 1123 915 1327">
     <span class='ocr_line' id='line_1_15' title="bbox 109 1123 914 1192; baseline 0.005 -18"><span class='ocrx_word' id='word_1_98' title='bbox 109 1139 193 1191; x_wconf 88' lang='lat' dir='ltr'>quum</span> <span class='ocrx_word' id='word_1_99' title='bbox 205 1123 280 1176; x_wconf 87' lang='lat' dir='ltr'>acies</span> <span class='ocrx_word' id='word_1_100' title='bbox 291 1124 422 1191; x_wconf 77' lang='lat' dir='ltr'>clypeata</span> <span class='ocrx_word' id='word_1_101' title='bbox 433 1125 590 1192; x_wconf 79' lang='lat' dir='ltr'>consurgit,</span> <span class='ocrx_word' id='word_1_102' title='bbox 611 1130 641 1176; x_wconf 90' lang='lat' dir='ltr'>et</span> <span class='ocrx_word' id='word_1_103' title='bbox 649 1123 744 1177; x_wconf 81' lang='lat' dir='ltr'>hastas</span> <span class='ocrx_word' id='word_1_104' title='bbox 757 1133 834 1178; x_wconf 90' lang='lat' dir='ltr'>certo</span> <span class='ocrx_word' id='word_1_105' title='bbox 846 1127 914 1189; x_wconf 90' lang='lat' dir='ltr'>ictu,</span> 
     </span>
     <span class='ocr_line' id='line_1_16' title="bbox 107 1191 914 1258; baseline 0.005 -16"><span class='ocrx_word' id='word_1_106' title='bbox 107 1197 206 1258; x_wconf 80' lang='lat' dir='ltr'>utpote</span> <span class='ocrx_word' id='word_1_107' title='bbox 225 1191 315 1244; x_wconf 90' lang='lat' dir='ltr'>libero</span> <span class='ocrx_word' id='word_1_108' title='bbox 335 1193 411 1256; x_wconf 83' lang='lat' dir='ltr'>nixu,</span> <span class='ocrx_word' id='word_1_109' title='bbox 432 1193 519 1244; x_wconf 89' lang='lat' dir='ltr'>mittit</span> <span class='ocrx_word' id='word_1_110' title='bbox 532 1206 547 1243; x_wconf 91' lang='lat' dir='ltr'>e</span> <span class='ocrx_word' id='word_1_111' title='bbox 560 1192 677 1244; x_wconf 86' lang='lat' dir='ltr'>ratibus.</span> <span class='ocrx_word' id='word_1_112' title='bbox 713 1193 750 1244; x_wconf 86' lang='lat' dir='ltr'>Et</span> <span class='ocrx_word' id='word_1_113' title='bbox 759 1201 791 1244; x_wconf 90' lang='lat' dir='ltr'>ut</span> <span class='ocrx_word' id='word_1_114' title='bbox 800 1196 914 1246; x_wconf 86' lang='lat' dir='ltr'>territos</span> 
     </span>
     <span class='ocr_line' id='line_1_17' title="bbox 12 1259 915 1327; baseline 0.004 -18"><span class='ocrx_word' id='word_1_115' title='bbox 12 1289 13 1318; x_wconf 63' lang='lat'>,</span> <span class='ocrx_word' id='word_1_116' title='bbox 106 1259 330 1327; x_wconf 82' lang='lat' dir='ltr'>recipientesque</span> <span class='ocrx_word' id='word_1_117' title='bbox 342 1275 357 1312; x_wconf 92' lang='lat' dir='ltr'>e</span> <span class='ocrx_word' id='word_1_118' title='bbox 377 1260 549 1322; x_wconf 74' lang='lat' dir='ltr'>accudere,</span> <span class='ocrx_word' id='word_1_119' title='bbox 561 1261 668 1312; x_wconf 85' lang='lat' dir='ltr'>alacres</span> <span class='ocrx_word' id='word_1_120' title='bbox 678 1267 775 1312; x_wconf 89' lang='lat' dir='ltr'>mutua</span> <span class='ocrx_word' id='word_1_121' title='bbox 784 1261 915 1314; x_wconf 82' lang='lat' dir='ltr'>adhorta·</span> 
     </span>
    </p>

    <p class='ocr_par' dir='ltr' id='par_1_8' title="bbox 106 1275 913 1463">
     <span class='ocr_line' id='line_1_18' title="bbox 106 1275 913 1398; baseline 0.004 -20"><span class='ocrx_word' id='word_1_122' title='bbox 106 1328 184 1378; x_wconf 91' lang='lat' dir='ltr'>tione</span> <span class='ocrx_word' id='word_1_123' title='bbox 198 1327 227 1379; x_wconf 90' lang='lat' dir='ltr'>in</span> <span class='ocrx_word' id='word_1_124' title='bbox 241 1333 344 1380; x_wconf 81' lang='lat' dir='ltr'>terrem</span> <span class='ocrx_word' id='word_1_125' title='bbox 359 1275 500 1381; x_wconf 62' lang='lat' dir='ltr'>fesiliere.</span> <span class='ocrx_word' id='word_1_126' title='bbox 538 1331 578 1380; x_wconf 82' lang='lat' dir='ltr'>lt.</span> <span class='ocrx_word' id='word_1_127' title='bbox 599 1328 733 1381; x_wconf 83' lang='lat' dir='ltr'>Turbatis</span> <span class='ocrx_word' id='word_1_128' title='bbox 748 1331 851 1382; x_wconf 87' lang='lat' dir='ltr'>acriter</span> <span class='ocrx_word' id='word_1_129' title='bbox 867 1346 913 1398; x_wconf 90' lang='lat' dir='ltr'>pe-</span> 
     </span>
     <span class='ocr_line' id='line_1_19' title="bbox 106 1393 912 1463; baseline 0.006 -18"><span class='ocrx_word' id='word_1_130' title='bbox 106 1396 169 1446; x_wconf 86' lang='lat' dir='ltr'>dem</span> <span class='ocrx_word' id='word_1_131' title='bbox 187 1393 293 1446; x_wconf 87' lang='lat' dir='ltr'>inferre</span> <span class='ocrx_word' id='word_1_132' title='bbox 317 1403 478 1462; x_wconf 87' lang='lat' dir='ltr'>coeperunt.</span> <span class='ocrx_word' id='word_1_133' title='bbox 513 1396 645 1463; x_wconf 83' lang='lat' dir='ltr'>Equitum</span> <span class='ocrx_word' id='word_1_134' title='bbox 669 1397 771 1448; x_wconf 87' lang='lat' dir='ltr'>deinde</span> <span class='ocrx_word' id='word_1_135' title='bbox 794 1405 912 1461; x_wconf 89' lang='lat' dir='ltr'>turmae,</span> 
     </span>
    </p>
   </div>
   <div class='ocr_carea' id='block_1_8' title="bbox 12 1461 912 1531">
    <p class='ocr_par' dir='ltr' id='par_1_9' title="bbox 12 1461 912 1531">
     <span class='ocr_line' id='line_1_20' title="bbox 12 1461 912 1531; baseline 0.008 -21"><span class='ocrx_word' id='word_1_136' title='bbox 12 1493 14 1524; x_wconf 81' lang='lat'>,</span> <span class='ocrx_word' id='word_1_137' title='bbox 105 1461 312 1531; x_wconf 87' lang='lat' dir='ltr'>quaefrenatos</span> <span class='ocrx_word' id='word_1_138' title='bbox 324 1461 464 1513; x_wconf 77' lang='lat' dir='ltr'>habebant</span> <span class='ocrx_word' id='word_1_139' title='bbox 479 1477 580 1528; x_wconf 88' lang='lat' dir='ltr'>equos,</span> <span class='ocrx_word' id='word_1_140' title='bbox 602 1463 766 1530; x_wconf 80' lang='lat' dir='ltr'>perfregere</span> <span class='ocrx_word' id='word_1_141' title='bbox 780 1465 912 1517; x_wconf 80' lang='lat' dir='ltr'>barbaro·</span> 
     </span>
    </p>
   </div>
   <div class='ocr_carea' id='block_1_9' title="bbox 12 1525 989 1590">
    <p class='ocr_par' dir='ltr' id='par_1_10' title="bbox 12 1525 989 1590">
     <span class='ocr_line' id='line_1_21' title="bbox 12 1525 989 1590; baseline 0.006 -12"><span class='ocrx_word' id='word_1_142' title='bbox 12 1525 13 1546; x_wconf 64' lang='lat'><em>³</em></span> <span class='ocrx_word' id='word_1_143' title='bbox 104 1545 166 1581; x_wconf 87' lang='lat' dir='ltr'>rum</span> <span class='ocrx_word' id='word_1_144' title='bbox 178 1532 276 1579; x_wconf 80' lang='lat' dir='ltr'>eciem.</span> <span class='ocrx_word' id='word_1_145' title='bbox 311 1527 425 1579; x_wconf 90' lang='lat' dir='ltr'>Interim</span> <span class='ocrx_word' id='word_1_146' title='bbox 436 1531 566 1590; x_wconf 87' lang='lat' dir='ltr'>ceteri,a</span> <span class='ocrx_word' id='word_1_147' title='bbox 614 1531 660 1580; x_wconf 93' lang='lat' dir='ltr'>ine</span> <span class='ocrx_word' id='word_1_148' title='bbox 672 1531 862 1582; x_wconf 86' lang='lat' dir='ltr'>dimicantium</span> <span class='ocrx_word' id='word_1_149' title='bbox 873 1538 913 1584; x_wconf 91' lang='lat' dir='ltr'>te·</span> <span class='ocrx_word' id='word_1_150' title='bbox 987 1545 989 1552; x_wconf 93' lang='grc'><strong><em>·</em></strong></span> 
     </span>
    </p>
   </div>
   <div class='ocr_carea' id='block_1_10' title="bbox 102 1597 913 2000">
    <p class='ocr_par' dir='ltr' id='par_1_11' title="bbox 102 1597 913 2000">
     <span class='ocr_line' id='line_1_22' title="bbox 105 1597 913 1666; baseline 0.004 -19"><span class='ocrx_word' id='word_1_151' title='bbox 105 1597 153 1658; x_wconf 89' lang='lat' dir='ltr'>cti,</span> <span class='ocrx_word' id='word_1_152' title='bbox 165 1601 297 1662; x_wconf 82' lang='lat' dir='ltr'>aptavere</span> <span class='ocrx_word' id='word_1_153' title='bbox 308 1610 339 1645; x_wconf 92' lang='lat' dir='ltr'>se</span> <span class='ocrx_word' id='word_1_154' title='bbox 349 1609 468 1662; x_wconf 87' lang='lat' dir='ltr'>pugnae.</span> <span class='ocrx_word' id='word_1_155' title='bbox 505 1597 545 1646; x_wconf 86' lang='lat'>11.</span> <span class='ocrx_word' id='word_1_156' title='bbox 578 1610 627 1662; x_wconf 88' lang='lat' dir='ltr'>pse</span> <span class='ocrx_word' id='word_1_157' title='bbox 637 1611 696 1658; x_wconf 85' lang='lat' dir='ltr'>rex,</span> <span class='ocrx_word' id='word_1_158' title='bbox 717 1597 792 1664; x_wconf 88' lang='lat' dir='ltr'>quod</span> <span class='ocrx_word' id='word_1_159' title='bbox 806 1601 913 1666; x_wconf 82' lang='lat' dir='ltr'>vigoris</span> 
     </span>
     <span class='ocr_line' id='line_1_23' title="bbox 104 1659 911 1732; baseline 0.002 -17"><span class='ocrx_word' id='word_1_160' title='bbox 104 1677 192 1730; x_wconf 80' lang='lat' dir='ltr'>aegro</span> <span class='ocrx_word' id='word_1_161' title='bbox 205 1659 295 1713; x_wconf 87' lang='lat' dir='ltr'>adhuc</span> <span class='ocrx_word' id='word_1_162' title='bbox 305 1662 418 1729; x_wconf 85' lang='lat' dir='ltr'>corpori</span> <span class='ocrx_word' id='word_1_163' title='bbox 430 1661 540 1722; x_wconf 88' lang='lat' dir='ltr'>deerat,</span> <span class='ocrx_word' id='word_1_164' title='bbox 561 1663 648 1713; x_wconf 50' lang='lat' dir='ltr'>animi¹</span> <span class='ocrx_word' id='word_1_165' title='bbox 660 1664 791 1714; x_wconf 87' lang='lat' dir='ltr'>firmitate</span> <span class='ocrx_word' id='word_1_166' title='bbox 802 1665 911 1732; x_wconf 89' lang='lat' dir='ltr'>supple-</span> 
     </span>
     <span class='ocr_line' id='line_1_24' title="bbox 103 1727 912 1795; baseline 0.002 -13"><span class='ocrx_word' id='word_1_167' title='bbox 103 1733 161 1782; x_wconf 86' lang='lat' dir='ltr'>bat.</span> <span class='ocrx_word' id='word_1_168' title='bbox 197 1729 262 1781; x_wconf 88' lang='lat' dir='ltr'>Vox</span> <span class='ocrx_word' id='word_1_169' title='bbox 276 1727 451 1781; x_wconf 83' lang='lat' dir='ltr'>adhortantis</span> <span class='ocrx_word' id='word_1_170' title='bbox 465 1744 521 1779; x_wconf 91' lang='lat' dir='ltr'>non</span> <span class='ocrx_word' id='word_1_171' title='bbox 540 1735 651 1795; x_wconf 84' lang='lat' dir='ltr'>poterat</span> <span class='ocrx_word' id='word_1_172' title='bbox 669 1730 770 1791; x_wconf 87' lang='lat' dir='ltr'>audiri,</span> <span class='ocrx_word' id='word_1_173' title='bbox 791 1733 912 1784; x_wconf 87' lang='lat' dir='ltr'>nondum</span> 
     </span>
     <span class='ocr_line' id='line_1_25' title="bbox 102 1796 911 1860; baseline 0.001 -11"><span class='ocrx_word' id='word_1_174' title='bbox 102 1800 176 1850; x_wconf 83' lang='lat' dir='ltr'>bene</span> <span class='ocrx_word' id='word_1_175' title='bbox 188 1797 309 1849; x_wconf 87' lang='lat' dir='ltr'>obducta</span> <span class='ocrx_word' id='word_1_176' title='bbox 319 1797 451 1849; x_wconf 84' lang='lat' dir='ltr'>cicatrice</span> <span class='ocrx_word' id='word_1_177' title='bbox 463 1796 593 1860; x_wconf 86' lang='lat' dir='ltr'>cervicis3</span> <span class='ocrx_word' id='word_1_178' title='bbox 605 1797 654 1846; x_wconf 89' lang='lat' dir='ltr'>scd</span> <span class='ocrx_word' id='word_1_179' title='bbox 663 1796 840 1848; x_wconf 87' lang='lat' dir='ltr'>dimicantem</span> <span class='ocrx_word' id='word_1_180' title='bbox 847 1814 911 1850; x_wconf 85' lang='lat' dir='ltr'>cuu-</span> 
     </span>
     <span class='ocr_line' id='line_1_26' title="bbox 104 1862 912 1934; baseline -0.002 -16"><span class='ocrx_word' id='word_1_181' title='bbox 104 1869 142 1918; x_wconf 91' lang='lat' dir='ltr'>cti</span> <span class='ocrx_word' id='word_1_182' title='bbox 161 1865 302 1916; x_wconf 86' lang='lat' dir='ltr'>videbant.</span> <span class='ocrx_word' id='word_1_183' title='bbox 339 1867 378 1914; x_wconf 78' lang='lat'>12.</span> <span class='ocrx_word' id='word_1_184' title='bbox 397 1865 493 1932; x_wconf 90' lang='lat' dir='ltr'>ltaque</span> <span class='ocrx_word' id='word_1_185' title='bbox 509 1864 564 1931; x_wconf 89' lang='lat' dir='ltr'>ipsi</span> <span class='ocrx_word' id='word_1_186' title='bbox 578 1862 688 1930; x_wconf 89' lang='lat' dir='ltr'>quidem</span> <span class='ocrx_word' id='word_1_187' title='bbox 704 1864 912 1934; x_wconf 82' lang='lat' dir='ltr'>ducumfunge-</span> 
     </span>
     <span class='ocr_line' id='line_1_27' title="bbox 103 1928 910 2000; baseline 0 -16"><span class='ocrx_word' id='word_1_188' title='bbox 103 1935 206 1984; x_wconf 88' lang='lat' dir='ltr'>bantur</span> <span class='ocrx_word' id='word_1_189' title='bbox 215 1933 321 1996; x_wconf 81' lang='lat' dir='ltr'>offioi03</span> <span class='ocrx_word' id='word_1_190' title='bbox 342 1932 469 2000; x_wconf 81' lang='lat' dir='ltr'>aliusque</span> <span class='ocrx_word' id='word_1_191' title='bbox 485 1932 569 1982; x_wconf 86' lang='lat' dir='ltr'>alium</span> <span class='ocrx_word' id='word_1_192' title='bbox 584 1928 738 1994; x_wconf 79' lang='lat' dir='ltr'>adhortati,</span> <span class='ocrx_word' id='word_1_193' title='bbox 757 1931 786 1982; x_wconf 91' lang='lat' dir='ltr'>in</span> <span class='ocrx_word' id='word_1_194' title='bbox 800 1930 910 1984; x_wconf 87' lang='lat' dir='ltr'>hostem</span> 
     </span>
    </p>
   </div>
   <div class='ocr_carea' id='block_1_11' title="bbox 12 2000 908 2067">
    <p class='ocr_par' dir='ltr' id='par_1_12' title="bbox 12 2000 908 2067">
     <span class='ocr_line' id='line_1_28' title="bbox 12 2000 908 2067; baseline 0.001 -16"><span class='ocrx_word' id='word_1_195' title='bbox 12 2005 14 2020; x_wconf 80' lang='lat'><strong>²</strong></span> <span class='ocrx_word' id='word_1_196' title='bbox 103 2001 203 2052; x_wconf 82' lang='lat' dir='ltr'>salutis</span> <span class='ocrx_word' id='word_1_197' title='bbox 218 2001 394 2052; x_wconf 86' lang='lat' dir='ltr'>immemores</span> <span class='ocrx_word' id='word_1_198' title='bbox 409 2015 491 2051; x_wconf 88' lang='lat' dir='ltr'>ruere</span> <span class='ocrx_word' id='word_1_199' title='bbox 502 2005 664 2067; x_wconf 88' lang='lat' dir='ltr'>coeperunt.</span> <span class='ocrx_word' id='word_1_200' title='bbox 700 2000 741 2051; x_wconf 80' lang='lat'>13.</span> <span class='ocrx_word' id='word_1_201' title='bbox 760 2001 831 2051; x_wconf 90' lang='lat' dir='ltr'>Tum</span> <span class='ocrx_word' id='word_1_202' title='bbox 842 2015 908 2052; x_wconf 87' lang='lat' dir='ltr'>vero</span> 
     </span>
    </p>
   </div>
   <div class='ocr_carea' id='block_1_12' title="bbox 102 2065 910 2338">
    <p class='ocr_par' dir='ltr' id='par_1_13' title="bbox 102 2065 910 2338">
     <span class='ocr_line' id='line_1_29' title="bbox 103 2065 910 2132; baseline 0.001 -14"><span class='ocrx_word' id='word_1_203' title='bbox 103 2083 157 2119; x_wconf 91' lang='lat' dir='ltr'>non</span> <span class='ocrx_word' id='word_1_204' title='bbox 171 2083 233 2132; x_wconf 88' lang='lat' dir='ltr'>ora,</span> <span class='ocrx_word' id='word_1_205' title='bbox 254 2083 310 2119; x_wconf 87' lang='lat' dir='ltr'>non</span> <span class='ocrx_word' id='word_1_206' title='bbox 321 2083 409 2129; x_wconf 84' lang='lat' dir='ltr'>arma,</span> <span class='ocrx_word' id='word_1_207' title='bbox 432 2083 487 2118; x_wconf 95' lang='lat' dir='ltr'>non</span> <span class='ocrx_word' id='word_1_208' title='bbox 502 2069 651 2119; x_wconf 84' lang='lat' dir='ltr'>clamorem</span> <span class='ocrx_word' id='word_1_209' title='bbox 665 2065 788 2119; x_wconf 89' lang='lat' dir='ltr'>hostium</span> <span class='ocrx_word' id='word_1_210' title='bbox 797 2067 910 2120; x_wconf 84' lang='lat' dir='ltr'>barbari</span> 
     </span>
     <span class='ocr_line' id='line_1_30' title="bbox 102 2133 908 2203; baseline 0.001 -18"><span class='ocrx_word' id='word_1_211' title='bbox 102 2136 225 2187; x_wconf 87' lang='lat' dir='ltr'>tolerare</span> <span class='ocrx_word' id='word_1_212' title='bbox 235 2141 397 2202; x_wconf 82' lang='lat' dir='ltr'>potuerunt3</span> <span class='ocrx_word' id='word_1_213' title='bbox 419 2149 570 2203; x_wconf 89' lang='lat' dir='ltr'>omnesque</span> <span class='ocrx_word' id='word_1_214' title='bbox 586 2134 683 2186; x_wconf 85' lang='lat' dir='ltr'>effusis</span> <span class='ocrx_word' id='word_1_215' title='bbox 693 2133 810 2187; x_wconf 84' lang='lat' dir='ltr'>habenis</span> <span class='ocrx_word' id='word_1_216' title='bbox 822 2137 908 2197; x_wconf 79' lang='lat' dir='ltr'>(nam-</span> 
     </span>
     <span class='ocr_line' id='line_1_31' title="bbox 103 2202 907 2284; baseline 0.002 -31"><span class='ocrx_word' id='word_1_217' title='bbox 103 2217 156 2284; x_wconf 86' lang='lat' dir='ltr'>que</span> <span class='ocrx_word' id='word_1_218' title='bbox 176 2203 314 2270; x_wconf 87' lang='lat' dir='ltr'>equestris</span> <span class='ocrx_word' id='word_1_219' title='bbox 335 2203 411 2254; x_wconf 87' lang='lat' dir='ltr'>acies</span> <span class='ocrx_word' id='word_1_220' title='bbox 432 2203 504 2264; x_wconf 81' lang='lat' dir='ltr'>erat)</span> <span class='ocrx_word' id='word_1_221' title='bbox 524 2207 675 2270; x_wconf 87' lang='lat' dir='ltr'>capessunt</span> <span class='ocrx_word' id='word_1_222' title='bbox 689 2202 793 2270; x_wconf 81' lang='lat' dir='ltr'>fugam.</span> <span class='ocrx_word' id='word_1_223' title='bbox 830 2203 907 2264; x_wconf 76' lang='lat' dir='ltr'>Quos</span> 
     </span>
     <span class='ocr_line' id='line_1_32' title="bbox 102 2269 907 2338; baseline 0.005 -18"><span class='ocrx_word' id='word_1_224' title='bbox 102 2283 330 2338; x_wconf 83' lang='lat' dir='ltr'>rex,quamquum</span> <span class='ocrx_word' id='word_1_225' title='bbox 339 2269 637 2322; x_wconf 78' lang='lat' dir='ltr'>vexationeminvalidi</span> <span class='ocrx_word' id='word_1_226' title='bbox 648 2269 776 2336; x_wconf 89' lang='lat' dir='ltr'>corporis</span> <span class='ocrx_word' id='word_1_227' title='bbox 783 2273 841 2337; x_wconf 83' lang='lat' dir='ltr'>pati</span> <span class='ocrx_word' id='word_1_228' title='bbox 851 2285 907 2324; x_wconf 91' lang='lat' dir='ltr'>non</span> 
     </span>
    </p>
   </div>
   <div class='ocr_carea' id='block_1_13' title="bbox 13 2329 905 2404">
    <p class='ocr_par' dir='ltr' id='par_1_14' title="bbox 13 2329 905 2404">
     <span class='ocr_line' id='line_1_33' title="bbox 13 2329 905 2404; baseline 0.006 -18"><span class='ocrx_word' id='word_1_229' title='bbox 13 2329 14 2340; x_wconf 61' lang='lat'><em>²</em></span> <span class='ocrx_word' id='word_1_230' title='bbox 96 2343 226 2404; x_wconf 89' lang='lat' dir='ltr'>poterat,</span> <span class='ocrx_word' id='word_1_231' title='bbox 244 2353 296 2404; x_wconf 92' lang='lat' dir='ltr'>per</span> <span class='ocrx_word' id='word_1_232' title='bbox 304 2337 411 2389; x_wconf 86' lang='lat' dir='ltr'>LXXX</span> <span class='ocrx_word' id='word_1_233' title='bbox 421 2344 513 2388; x_wconf 90' lang='lat' dir='ltr'>tamen</span> <span class='ocrx_word' id='word_1_234' title='bbox 524 2338 615 2388; x_wconf 86' lang='lat' dir='ltr'>stadia</span> <span class='ocrx_word' id='word_1_235' title='bbox 624 2337 734 2404; x_wconf 86' lang='lat' dir='ltr'>insequi</span> <span class='ocrx_word' id='word_1_236' title='bbox 745 2347 905 2404; x_wconf 82' lang='lat' dir='ltr'>persevera-</span> 
     </span>
    </p>
   </div>
   <div class='ocr_carea' id='block_1_14' title="bbox 98 2403 905 2744">
    <p class='ocr_par' dir='ltr' id='par_1_15' title="bbox 98 2403 905 2744">
     <span class='ocr_line' id='line_1_34' title="bbox 102 2403 904 2473; baseline 0.007 -21"><span class='ocrx_word' id='word_1_237' title='bbox 102 2405 150 2454; x_wconf 87' lang='lat' dir='ltr'>vit.</span> <span class='ocrx_word' id='word_1_238' title='bbox 187 2406 227 2456; x_wconf 83' lang='lat'>14.</span> <span class='ocrx_word' id='word_1_239' title='bbox 245 2408 357 2473; x_wconf 89' lang='lat' dir='ltr'>lamque</span> <span class='ocrx_word' id='word_1_240' title='bbox 367 2403 510 2471; x_wconf 85' lang='lat' dir='ltr'>linquente</span> <span class='ocrx_word' id='word_1_241' title='bbox 521 2406 612 2457; x_wconf 92' lang='lat' dir='ltr'>animo</span> <span class='ocrx_word' id='word_1_242' title='bbox 623 2406 682 2456; x_wconf 89' lang='lat' dir='ltr'>suis</span> <span class='ocrx_word' id='word_1_243' title='bbox 694 2407 844 2472; x_wconf 86' lang='lat' dir='ltr'>praecepit,</span> <span class='ocrx_word' id='word_1_244' title='bbox 864 2415 904 2469; x_wconf 88' lang='lat' dir='ltr'>ut,</span> 
     </span>
     <span class='ocr_line' id='line_1_35' title="bbox 101 2471 905 2542; baseline 0.002 -20"><span class='ocrx_word' id='word_1_245' title='bbox 101 2472 193 2522; x_wconf 87' lang='lat' dir='ltr'>donec</span> <span class='ocrx_word' id='word_1_246' title='bbox 202 2471 272 2524; x_wconf 90' lang='lat' dir='ltr'>lucis</span> <span class='ocrx_word' id='word_1_247' title='bbox 283 2473 388 2541; x_wconf 88' lang='lat' dir='ltr'>aliquid</span> <span class='ocrx_word' id='word_1_248' title='bbox 399 2481 568 2539; x_wconf 83' lang='lat' dir='ltr'>superesset,</span> <span class='ocrx_word' id='word_1_249' title='bbox 590 2471 756 2539; x_wconf 85' lang='lat' dir='ltr'>fugientium</span> <span class='ocrx_word' id='word_1_250' title='bbox 766 2475 853 2542; x_wconf 80' lang='lat' dir='ltr'>tergis</span> <span class='ocrx_word' id='word_1_251' title='bbox 863 2476 905 2524; x_wconf 89' lang='lat' dir='ltr'>in-</span> 
     </span>
     <span class='ocr_line' id='line_1_36' title="bbox 100 2538 904 2608; baseline 0.002 -18"><span class='ocrx_word' id='word_1_252' title='bbox 100 2538 261 2592; x_wconf 79' lang='lat' dir='ltr'>haererent:</span> <span class='ocrx_word' id='word_1_253' title='bbox 271 2541 341 2608; x_wconf 89' lang='lat' dir='ltr'>ipse,</span> <span class='ocrx_word' id='word_1_254' title='bbox 352 2538 496 2592; x_wconf 80' lang='lat' dir='ltr'>exhaustis</span> <span class='ocrx_word' id='word_1_255' title='bbox 508 2543 591 2592; x_wconf 88' lang='lat' dir='ltr'>etiam</span> <span class='ocrx_word' id='word_1_256' title='bbox 602 2540 685 2590; x_wconf 83' lang='lat' dir='ltr'>animi</span> <span class='ocrx_word' id='word_1_257' title='bbox 695 2541 810 2604; x_wconf 77' lang='lat' dir='ltr'>viribus,</span> <span class='ocrx_word' id='word_1_258' title='bbox 820 2543 850 2592; x_wconf 94' lang='lat' dir='ltr'>in</span> <span class='ocrx_word' id='word_1_259' title='bbox 861 2555 904 2592; x_wconf 85' lang='lat' dir='ltr'>ca-</span> 
     </span>
     <span class='ocr_line' id='line_1_37' title="bbox 100 2607 905 2676; baseline 0.005 -19"><span class='ocrx_word' id='word_1_260' title='bbox 100 2608 324 2674; x_wconf 88' lang='lat' dir='ltr'>struserecepit,</span> <span class='ocrx_word' id='word_1_261' title='bbox 343 2607 480 2676; x_wconf 90' lang='lat' dir='ltr'>reliquum</span> <span class='ocrx_word' id='word_1_262' title='bbox 492 2609 626 2660; x_wconf 83' lang='lat' dir='ltr'>substitit.</span> <span class='ocrx_word' id='word_1_263' title='bbox 663 2607 702 2660; x_wconf 80' lang='lat'>15.</span> <span class='ocrx_word' id='word_1_264' title='bbox 722 2608 905 2661; x_wconf 83' lang='lat' dir='ltr'>Transierunt</span> 
     </span>
     <span class='ocr_line' id='line_1_38' title="bbox 98 2675 902 2744; baseline 0.002 -20"><span class='ocrx_word' id='word_1_265' title='bbox 98 2676 154 2726; x_wconf 80' lang='lat' dir='ltr'>iem</span> <span class='ocrx_word' id='word_1_266' title='bbox 162 2675 259 2726; x_wconf 82' lang='lat' dir='ltr'>Liberi</span> <span class='ocrx_word' id='word_1_267' title='bbox 271 2676 357 2741; x_wconf 90' lang='lat' dir='ltr'>patris</span> <span class='ocrx_word' id='word_1_268' title='bbox 366 2677 514 2742; x_wconf 84' lang='lat' dir='ltr'>terminos3</span> <span class='ocrx_word' id='word_1_269' title='bbox 526 2691 641 2743; x_wconf 81' lang='lat' dir='ltr'>quorum</span> <span class='ocrx_word' id='word_1_270' title='bbox 649 2675 902 2744; x_wconf 82' lang='lat' dir='ltr'>monumentslapi-</span> 
     </span>
    </p>
   </div>
   <div class='ocr_carea' id='block_1_15' title="bbox 0 0 1046 3042">
    <p class='ocr_par' dir='ltr' id='par_1_16' title="bbox 0 0 1046 3042">
     <span class='ocr_line' id='line_1_39' title="bbox 0 0 1046 3042; baseline 0 4"><span class='ocrx_word' id='word_1_271' title='bbox 0 0 1046 3042; x_wconf 95' lang='lat' dir='ltr'> </span> 
     </span>
    </p>
   </div>
  </div>
 </body>
</html>
