2036 3030
175 164 594 218 stephanotium.
614 167 634 216 1.
659 166 749 218 CAP.
770 169 811 217 la.
863 165 898 218 tt

81 269 279 334 tartarumque
297 267 390 318 locurn
410 267 497 333 capit,
522 265 668 334 phalangi,
692 283 773 334 quarn
793 265 897 320 flumen

81 335 279 387 transmittere
289 336 421 394 iusserat,
432 335 576 401 praesidio
586 333 706 386 iuturus.
742 337 784 386 28.
813 333 895 386 liare

80 409 247 469 conspecta,
268 402 398 452 universa
412 399 534 453 bostium
549 402 697 454 multitudo
709 403 763 454 iter
772 403 807 454 ed
818 417 896 454 mon·

79 479 127 522 tes
139 470 270 538 arripuit,
289 485 323 520 eo
335 469 464 530 consilio,
484 476 515 522 ut
524 469 676 520 transiecta
687 471 765 537 gravi
775 477 896 522 armatu·

81 553 125 600 ra,
148 544 303 588 extremum
321 551 431 604 agmen,
451 537 480 588 in
500 551 555 604 quo
577 536 639 602 ipse
661 551 709 588 rex
727 539 896 590 nanrimrns

83 611 157 666 erat,
173 604 358 657 adorirentur.
393 603 435 654 ab.
464 604 515 654 llle
527 601 596 654 nibil
608 603 731 665 territus,
752 607 896 656 renustes
920 619 921 630 ¹

82 672 201 724 fortiter
223 672 343 738 excipite
374 671 459 722 sintul
487 669 608 738 phalanx
629 669 740 722 sublato
765 672 901 736 clamore,

81 739 169 807 quasi
186 739 288 790 iterum
308 739 473 790 bamnrisso
494 752 574 788 anone
594 737 721 789 subsidio
741 741 800 788 suis
814 739 897 801 itura,

82 814 191 858 metunt
201 807 320 858 incussit
332 805 417 856 hosti.
442 805 484 856 30.
503 804 572 855 Nam
584 819 642 865 rex,
654 819 725 871 quae
736 811 897 866 evenerunt,

81 874 182 926 futura
192 881 280 934 ratus,
301 879 491 939 praeceperat,
511 879 542 924 ut
561 874 588 924 in
599 873 744 923 adversam
755 873 842 938 ripam
851 873 898 923 dc-

81 942 136 992 lati
148 942 244 992 statim
255 943 343 990 aciem
354 941 536 1001 instruerent,
546 981 547 988 ,
556 940 664 990 lacrum
674 954 777 1002 cornu,
797 940 873 1007 qued
883 955 900 990 a

82 1008 203 1060 flumine
214 1007 397 1074 hostibusque
407 1007 521 1073 propius
531 1007 637 1068 aberat,
651 1007 681 1058 in
698 1008 820 1074 speciem
832 1007 899 1059 mul·

82 1075 221 1128 titudinis
232 1083 362 1140 quantum
374 1081 488 1142 possent
498 1075 679 1140 explicantes.
708 1076 806 1142 ltaque
816 1089 900 1142 quuan

84 1143 251 1194 universum
263 1141 415 1194 exercitum
429 1142 589 1194 incumbere
611 1143 666 1193 sibi
685 1144 900 1209 putarent'l'au-

83 1211 189 1272 lantii,
210 1208 363 1276 paullisper
381 1216 616 1262 retrocesserunt.
658 1211 699 1260 31.
728 1211 759 1262 ld
779 1210 899 1278 spatium

86 1284 189 1330 nactus
201 1277 365 1339 Alexander,
385 1293 453 1328 suos
468 1278 567 1342 raptim
578 1277 614 1328 ad
623 1277 723 1330 ilurncn
734 1279 822 1330 ducit:
843 1293 898 1346 quo

85 1347 324 1406 ubiventurnest,
343 1346 404 1411 ipse
425 1346 614 1410 interprimos
633 1347 851 1413 transgreditur,
871 1351 901 1397 et

86 1429 174 1481 quurn
186 1427 246 1472 eos,
273 1413 301 1463 ui
314 1427 412 1480 agnren
424 1413 600 1474 claudebant,
617 1427 744 1465 reversus
755 1412 845 1465 bostis
855 1427 900 1464 nr-

86 1487 181 1548 geret,
202 1495 263 1531 mac
284 1481 338 1532 inis
348 1480 503 1546 dispositis,
524 1495 594 1547 quae
607 1487 682 1532 trans
692 1497 800 1532 omnent
811 1481 899 1532 crissi·

88 1548 128 1598 lia
137 1555 314 1616 spargerent,
326 1563 388 1598 euro
399 1549 551 1600 submovit:
562 1547 704 1616 anrul,qui
716 1549 770 1600 ianr
780 1547 903 1618 ingressi

89 1614 196 1668 flumen
215 1622 309 1676 erant,
329 1631 345 1666 e
365 1617 464 1668 mediis
483 1616 561 1682 aquis
580 1616 639 1668 tela
657 1619 815 1668 coniecere.
860 1617 904 1666 lta

88 1685 203 1736 nernine
233 1683 393 1734 desiderato
426 1690 549 1734 ceterum
574 1683 629 1734 iter
647 1685 770 1748 quietum
795 1681 901 1734 babuit.

89 1750 132 1802 32.
160 1749 298 1803 Triduum
317 1750 524 1810 intercesserat,
546 1765 628 1815 quum
646 1748 752 1810 hostes,
770 1757 903 1816 tanquam

90 1817 189 1887 fugato
201 1817 359 1870 Macedone
369 1824 444 1869 metu
454 1831 567 1874 vacuos,
588 1817 692 1882 passim
711 1817 788 1867 nullo
805 1816 902 1868 ordine

90 1889 218 1947 tendere,
241 1900 331 1953 neque
350 1900 428 1936 mirre
449 1884 562 1936 militari
583 1883 685 1934 rallunr
701 1882 842 1934 fossanova
851 1899 902 1950 pro

90 1958 192 2007 castris
204 1951 318 2016 babere,
331 1969 421 2021 neque
431 1952 544 2020 vigilias
555 1958 584 2003 ct
593 1952 730 2004 stationes
742 1951 903 2013 obire,nun-

93 2023 188 2074 tiator.
225 2022 267 2072 33.
296 2022 384 2089 igitur
399 2021 529 2073 assumtis
543 2021 698 2088 sagittariis
708 2019 903 2088 Agrianisque,

92 2093 123 2138 et
133 2105 167 2140 ea
177 2089 363 2142 Macedonum
374 2089 492 2141 militurn
508 2104 600 2150 uranu,
621 2103 701 2155 quarn
714 2087 864 2140 Perdiccas
875 2093 904 2138 et

96 2155 207 2210 Coenos
224 2157 374 2219 ducebant,
395 2163 480 2209 noctu
490 2163 621 2222 superato
633 2155 754 2217 flumine,
773 2155 904 2207 celeriter

94 2224 130 2275 ad
150 2241 202 2278 eos
228 2225 391 2288 contendit,
421 2225 530 2291 reliquo
558 2225 684 2276 exercitu
708 2224 788 2290 sequi
815 2222 902 2275 iusso.

96 2289 136 2342 at.
163 2292 452 2360 Necexspectatoeo,
473 2308 508 2344 ne
520 2292 697 2344 occasionem
717 2305 903 2343 monacense-

96 2368 192 2422 nncret,
207 2361 278 2413 levis
289 2368 445 2414 armaturae
455 2359 573 2412 militem
582 2359 748 2426 praemittit:
767 2375 833 2412 nrox
842 2361 903 2426 ipse

98 2439 158 2478 coar
170 2429 272 2480 ceteris
281 2429 387 2497 impetu
396 2427 472 2480 laeto
484 2430 668 2480 semisomnos
678 2434 707 2478 ct
716 2427 837 2480 inermes
848 2442 904 2478 nra-

99 2506 153 2558 gna
162 2503 256 2564 strage
266 2495 400 2558 afliciunt,
420 2496 524 2546 multos
543 2495 623 2546 viros
638 2496 757 2561 capiunt,
778 2495 904 2561 reliquos

99 2561 252 2615 coniiciunt
260 2564 289 2615 in
300 2563 404 2632 lugam,
421 2563 494 2614 etad
505 2562 717 2614 Taulantiorurn
728 2578 817 2629 usque
827 2576 903 2611 mon-

99 2631 361 2698 tcsperscquuntur.
396 2631 439 2684 db.
466 2629 556 2682 Clitus
577 2629 605 2680 in
624 2645 659 2696 ea
675 2627 903 2682 consternatione

98 2693 129 2744 ia
139 2699 269 2765 oppidum
280 2699 388 2753 Pelium
399 2715 430 2752 se
439 2699 560 2764 recepit:
571 2697 672 2750 deinde
683 2694 904 2750 stremonirnen-

914 2927 924 2968 l
