2082 3042
108 251 159 303 81⁰
325 244 496 309 QUINTl
525 242 694 298 CURTll

106 351 150 400 ira
160 353 330 414 perseveret,
341 349 516 415 spatiumque
526 347 620 413 potius
632 345 724 396 animo
735 339 791 396 det.
813 319 917 398 Omnia

106 421 221 484 postero
242 415 287 465 die
310 414 412 466 iustius
431 419 634 466 exsecuturum.
669 411 712 464 4⁹.
733 409 916 466 Sedelausac

32 517 36 522 -
108 488 290 544 erantaurcs,
302 481 543 548 obstrepenteira.
571 480 667 547 ltaque
676 480 817 546 impotens
829 479 917 531 animi

126 550 245 600 cucurrit
264 550 293 599 in
312 551 408 616 regiae
428 547 605 611 vestibulum,
627 552 656 597 ct
667 546 749 614 vigili
760 545 917 600 excubanti

106 566 187 667 Basta
204 615 297 667 ablata
311 616 439 666 constitit
451 616 481 666 in
494 615 580 678 aditu,
602 628 657 681 quc
668 629 784 665 necesse
796 615 916 679 eratiis,

106 684 155 751 qui
164 682 248 734 simul
259 687 455 744 coenaverunt,
467 681 573 750 egredi.
609 681 651 732 ic.
670 681 803 733 Abierant
814 682 914 734 ceteri.

106 749 196 803 clitus
206 750 321 802 ultimus
332 753 392 801 sine
401 751 507 801 lumine
518 749 621 802 exibat.
658 749 747 811 Quem
758 763 816 812 rex,
838 751 915 817 quis-

105 811 446 886 namesset'linterrogat.
483 817 632 868 Eminebat
641 819 726 868 etiam
735 817 763 866 in
772 829 843 868 voce
851 832 916 868 sce-

105 887 183 950 leris,
205 886 280 953 quod
297 887 422 954 parabat,
443 886 586 936 atrocitas.
622 883 664 934 51.
685 883 846 936 Etilleiam
857 901 915 938 non

71 1009 79 1028 ι
106 969 183 1015 suae,
206 954 342 1020 sadregis
352 955 411 1004 irae
422 967 537 1014 memor,
558 953 744 1015 clitumesse,
764 958 793 1002 ct
803 952 837 1003 de
849 967 916 1003 con·

105 1021 179 1073 rivio
191 1021 269 1072 exire
280 1021 433 1086 respondit.
468 1020 511 1071 52.
530 1019 609 1070 Haec
620 1019 739 1070 dicentis
749 1019 822 1072 latus
832 1018 916 1072 hasta

105 1087 256 1139 transfixit:
276 1089 480 1153 morientisque
491 1089 627 1154 sanguine
640 1099 781 1154 aspersus,
799 1084 819 1138 Ι
832 1103 912 1150 nanc,

104 1156 204 1222 inquit,
216 1155 253 1206 cil
261 1154 414 1220 Philippum
424 1163 453 1204 et
461 1154 666 1205 Parmenionem
677 1162 705 1205 et
713 1153 842 1204 Attalum.

154 1221 189 1272 11.
206 1221 282 1271 Male
294 1219 420 1271 humanis
430 1221 551 1288 ingeniis
562 1228 662 1273 natura
674 1221 823 1283 consuluit,
836 1221 914 1289 quud

103 1288 267 1355 pierumque
288 1302 344 1337 nou
363 1286 467 1350 futura,
488 1289 539 1355 seri
551 1295 695 1340 transacta
704 1289 913 1357 perpendimus.

103 1353 283 1421 Quipperex,
304 1359 452 1422 postquam
464 1355 508 1406 ira
550 1362 614 1406 ente
629 1357 805 1419 decesserat,
827 1357 913 1409 etiam

103 1421 241 1473 ebrietate
251 1421 386 1484 discussa,
407 1425 532 1492 magnitu
554 1424 627 1474 inem
642 1423 777 1475 facinoris
791 1437 856 1474 sera
867 1438 913 1476 aa·

103 1488 264 1541 stimatione
275 1491 426 1557 perspexit.
463 1493 488 1541 2.
507 1489 629 1543 Videbat
642 1497 709 1542 tunc
719 1491 913 1553 immodicali-

101 1557 212 1608 bertatc
232 1557 356 1620 abusum,
377 1558 427 1610 sed
442 1557 548 1627 alioqui
565 1561 709 1628 egregium
722 1559 799 1610 bello
810 1560 912 1621 virum,

102 1632 140 1687 et,
160 1625 213 1676 uisi
227 1625 408 1677 erubesceret
416 1625 510 1688 fateri,
522 1631 693 1678 servatorem
707 1627 760 1690 sui,
774 1627 910 1678 occisum.

100 1690 277 1744 Detestabile
289 1694 427 1746 carnificis
443 1694 628 1745 ministerium
643 1699 830 1760 occupaverat
845 1709 911 1758 rex;

101 1759 250 1812 verborum
260 1761 411 1824 licentiam,
431 1777 502 1828 quae
513 1761 577 1813 vino
588 1767 700 1828 poterat
710 1763 851 1828 imputari,
863 1777 912 1814 ne·

101 1826 187 1879 funda
197 1829 283 1880 caede
294 1829 378 1880 ultus.
415 1828 438 1880 3.
457 1829 591 1879 Manabat
600 1834 662 1880 toto
675 1829 814 1881 vestibulo
826 1843 914 1880 cruor

101 1896 185 1960 paulo
207 1903 270 1947 ante
286 1897 432 1947 convivae:
452 1897 553 1962 vigiles
568 1897 682 1948 attoniti
695 1904 723 1948 et
733 1896 912 1964 stupentibus

101 1962 207 2014 similes
220 1964 321 2028 procul
333 1965 453 2026 stabant,
474 1963 691 2030 liberioremque
705 1965 912 2031 poenitentiam

100 2029 225 2081 solitudo
237 2031 373 2081 exciebat.
410 2032 436 2081 4.
454 2031 530 2098 Ergo
554 2028 660 2084 hastam
681 2047 717 2083 ex
736 2045 857 2099 corpore
869 2033 911 2082 iu·

100 2098 190 2148 centis
201 2097 324 2148 evulsam
335 2099 453 2148 retorsit
462 2100 490 2148 in
502 2105 601 2150 semet:
621 2099 732 2165 iamque
745 2098 912 2151 admoverat

98 2165 217 2230 pectori,
230 2180 313 2231 quum
324 2165 455 2216 advolant
466 2166 574 2233 vigiles,
581 2173 610 2217 et
618 2167 787 2234 repugnanti
797 2181 813 2218 e
823 2167 911 2218 mani-

98 2231 150 2280 bus
162 2239 243 2283 extor
264 2239 344 2294 uent,
356 2232 561 2300 allevatumque
570 2235 600 2284 in
609 2233 820 2286 tabernaculum
830 2233 909 2286 defe-

98 2303 171 2348 runt.
199 2299 233 2348 ¹5.
245 2247 303 2349 ille
314 2296 390 2350 humi
400 2307 592 2366 prostraverat
602 2317 713 2369 corpus,
732 2303 840 2370 gemitu
850 2302 910 2353 eiu·

97 2363 211 2430 iatuque
222 2366 377 2418 miserabili
385 2372 474 2419 totam
483 2383 638 2435 personans
649 2370 764 2438 regiam.
784 2369 910 2420 Laniare

98 2430 199 2482 deinde
212 2446 243 2482 os
254 2435 402 2500 unguibus,
424 2441 453 2486 et
469 2437 682 2488 circumstantes
696 2449 809 2504 rogare,
829 2450 910 2487 nese

97 2506 176 2551 tauto
187 2499 322 2567 dedecori
334 2502 514 2569 superstitem
526 2518 589 2555 esse
599 2509 771 2570 paterentur.
794 2501 820 2554 t.
831 2502 911 2554 luter

97 2563 147 2618 has
167 2582 266 2634 preces
287 2575 350 2620 tota
362 2585 420 2622 nox
435 2575 561 2636 extracta
576 2576 627 2622 est.
665 2570 909 2637 scrutantemque,

96 2649 161 2684 num
179 2635 223 2687 ira
235 2635 361 2687 Deorum
376 2637 412 2688 ad
424 2642 531 2687 tantum
544 2637 624 2688 nefas
635 2643 714 2690 actus
726 2644 810 2699 esset,
833 2637 912 2691 subit
924 2693 926 2696 ,

96 2703 316 2755 anniversarium
327 2705 495 2756 sacrificium
503 2703 609 2756 Libero
615 2704 693 2756 Patri
703 2720 760 2758 non
769 2718 833 2756 esse
843 2705 911 2755 red·

96 2765 183 2818 ditum
194 2776 299 2822 statuto
311 2778 447 2838 tempore.
472 2770 570 2839 ltaque
581 2774 655 2824 inter
664 2773 756 2823 vinum
767 2778 797 2823 et
807 2771 908 2839 epulas

1031 1973 1039 2154 t
