2098 3040
128 192 179 246 aab
350 192 519 254 QulNri
546 192 715 246 cuR‘rii

129 293 297 346 discordiam
315 294 451 362 praefecti
470 310 531 346 cum
546 293 710 360 Olympiade
728 293 821 360 gravis
836 291 936 358 aliqua

128 361 223 413 clades
234 363 416 428 acciperetur.
443 361 513 414 Nam
522 362 624 413 multas
634 361 669 412 ad
678 359 864 426 Alexandrum
874 360 934 426 epi·

128 428 217 483 stolas
227 435 328 492 mater,
339 430 440 480 multas
450 430 594 496 Antipater
604 429 730 491 miserat3
750 426 934 494 vicissimque

127 495 200 546 alter
216 496 334 547 alterum
354 502 520 564 arroganter
535 503 564 548 et
576 495 676 548 acerbe
690 495 824 562 pleraque
834 493 934 545 iacere

128 563 352 626 criminabantur,
376 578 445 631 quae
465 566 501 616 ad
520 564 650 626 dedecus,
673 569 721 613 aut
735 562 936 614 detrimentum

127 633 225 698 regiae
240 632 396 684 maiestatis
409 633 589 698 pertinerent.
625 632 664 682 11.
685 630 836 696 Postquam
857 631 935 682 enim

127 711 223 751 rumor
239 699 327 750 occisi
340 699 416 766 regie
430 695 535 750 temere
549 699 677 765 vulgatus
693 699 721 749 in
735 696 935 748 Macedoniam

127 766 344 834 percurrisset,
356 772 444 818 mater
455 766 514 826 eius
526 779 661 832 sororque
673 765 822 831 Cleopatra
830 765 935 816 tumul·
1035 775 1036 790 ¹

127 838 225 884 tuatae
243 831 364 895 fueraut,
385 832 501 886 ethaeo
520 834 629 900 quidem
649 838 794 900 paternum
804 845 934 900 regnum,

130 899 275 968 Olympias
294 900 407 966 Epirum
429 901 578 952 invaserat.
613 901 699 951 Forte
715 900 778 950 dum
794 899 935 950 eiusmodi

127 967 229 1018 literae
248 967 413 1031 redduntur,
433 966 638 1034 Hephaestion,
658 968 790 1018 adsuetus
810 969 935 1018 omnium

114 1071 116 1074 -
130 1049 297 1088 arcanorum
307 1050 338 1086 se
349 1036 512 1102 participem
525 1033 634 1096 haberi,
655 1035 812 1101 resignatas
826 1034 860 1084 ab
870 1034 935 1084 hle·

129 1101 236 1152 xandro
256 1102 339 1152 simul
355 1103 530 1170 inspiciebat.
565 1101 662 1170 Neque
680 1103 769 1152 vetuit
786 1117 848 1152 eum
867 1115 934 1161 τοις

131 1169 181 1219 sed
197 1170 350 1220 deuectum
367 1170 456 1236 digito
471 1169 601 1221 annulum
615 1171 658 1222 ori
667 1169 788 1236 legentis
799 1169 934 1230 admovit,

129 1235 200 1286 nihil
211 1249 316 1298 eorum,
328 1251 398 1302 quae
409 1239 565 1304 perscripta
576 1244 682 1298 essent,
693 1237 722 1287 in
732 1236 804 1288 alios
815 1235 936 1288 efferen-

131 1302 195 1351 dum
205 1301 375 1368 significans.
412 1304 452 1352 12.
468 1305 613 1354 Incusasse
624 1311 716 1355 autem
727 1304 823 1354 ambos
834 1303 937 1365 fertur,

131 1369 266 1418 etmatrie
275 1367 428 1420 insolentia
437 1377 592 1436 permotum
605 1370 790 1433 exclamasse,
812 1387 874 1423 eam
883 1387 936 1438 pro

129 1433 303 1488 habitatione
312 1435 409 1487 decem
419 1441 562 1500 mensium,
570 1454 650 1504 quam
661 1440 689 1489 in
699 1445 779 1490 utero
792 1438 846 1499 sibi
856 1452 937 1506 prae-

129 1501 246 1564 buisset,
255 1518 366 1570 gravem
378 1506 534 1557 mercedem
546 1507 672 1573 exigere3
682 1508 856 1572 Antipatrum
866 1521 935 1558 vero

131 1576 290 1636 suspectum
306 1569 449 1637 habuisse,
469 1575 548 1640 quasi
559 1580 638 1640 parta
648 1588 683 1624 ex
694 1571 837 1640 Spartanis
847 1573 936 1626 victo·

130 1638 174 1687 ria
192 1638 338 1690 tollentem
356 1640 473 1703 animos,
494 1647 523 1692 et
541 1641 659 1706 imperio
673 1647 717 1691 tot
733 1641 789 1704 iam
801 1641 830 1692 in
844 1655 934 1692 annos

129 1711 283 1774 prorogato
304 1722 388 1774 supra
406 1705 543 1772 praelecti
562 1708 674 1759 modum
688 1707 799 1759 elatum.
835 1707 934 1775 ltaque

131 1789 214 1839 quum
235 1774 295 1824 eius
315 1775 437 1841 gravitas
456 1782 540 1842 atque
559 1777 706 1842 integritas
729 1791 745 1825 a
787 1775 936 1828 uibuedam

129 1841 347 1906 praedicaretur,
359 1842 487 1904 subiecit,
499 1844 624 1894 exterius
633 1844 744 1910 quidem
755 1843 783 1894 al
802 1859 845 1894 um
855 1842 935 1894 ride-

129 1909 164 1967 ri,
181 1909 232 1960 sed
247 1910 272 1958 si
287 1910 397 1975 penitus
410 1911 629 1976 introspiciatur,
648 1916 739 1962 totum
754 1925 814 1962 esse
830 1924 934 1977 purpu-

128 1991 216 2028 reum.
253 1976 294 2028 13.
313 1974 421 2028 Pressit
431 1983 524 2030 tamen
533 1978 721 2044 suspicionem
732 1993 822 2040 suam,
842 1992 933 2045 neque

129 2044 217 2096 ullum
225 2039 401 2094 manifestius
412 2045 564 2096 abalienati
573 2045 658 2096 animi
674 2045 806 2096 indicium
824 2051 934 2112 praetu-

129 2112 171 2162 lit.
209 2109 360 2162 Credidere
371 2119 463 2163 tamen
473 2113 612 2180 plerique,
624 2113 808 2179 Antipatrum,
820 2111 937 2164 evocari

38 2209 41 2216 ·
130 2193 161 2230 se
173 2178 302 2246 supplicii
314 2194 397 2230 causa
407 2186 506 2244 ratum,
517 2181 608 2246 impiis
619 2179 880 2244 machinationibus,
891 2195 934 2230 re·

132 2247 195 2314 giae
211 2247 318 2309 mortis,
339 2261 410 2314 quoe
425 2248 518 2315 paullo
533 2254 598 2314 poet
610 2254 708 2300 secuta
718 2255 769 2308 est,
789 2255 934 2300 auctorem

131 2315 283 2365 exstitisse.
318 2315 429 2366 lnterea
438 2329 501 2375 rex,
512 2322 542 2366 ut
552 2316 688 2366 imminuti
699 2315 839 2366 exercitus
851 2313 938 2366 detri-

130 2385 224 2432 menta
233 2381 363 2442 sarciret,
385 2383 518 2447 optimum
531 2397 666 2452 quemque
677 2381 825 2434 Persarum
836 2383 866 2433 in
877 2383 935 2433 Ma-

131 2447 283 2499 cedonicos
295 2449 408 2499 ordines
419 2451 527 2517 allegit:
546 2451 622 2501 mille
634 2453 717 2502 etiam
728 2450 936 2516 praestantissi-

130 2529 192 2565 mos
212 2517 373 2583 segregavit
390 2517 425 2567 ad
444 2518 603 2584 propiorem
623 2518 667 2570 eui
690 2518 818 2584 corporis
843 2524 936 2571 custo-

132 2582 220 2646 diam:
242 2582 324 2632 aliem
334 2579 507 2635 hastatorum
516 2601 634 2646 manum,
645 2581 718 2637 haud
747 2586 878 2637 truciores
890 2585 937 2636 de·

133 2649 340 2763 sagiminibus,
360 2650 435 2702 circa
448 2654 556 2720 regium
572 2652 706 2704 tabernae
738 2667 781 2704 um
802 2651 936 2704 excubiae

133 2727 185 2772 age
227 2716 318 2766 iussit.
355 2718 394 2767 14.
414 2719 491 2770 llaec
507 2721 601 2789 agenti
611 2719 762 2772 Peucestes
774 2721 937 2785 supervenit
