2054 3030
191 164 506 218 surruruaurr.
527 168 606 219 ura.
625 169 665 219 u.-
679 169 764 222 csr.
784 171 808 223 a.
858 175 892 222 n

77 271 154 318 nutu
164 266 289 318 Deorum
299 267 432 334 destinari
446 268 576 331 credens,
596 271 728 336 templum
738 273 780 324 ibi
789 281 892 324 eonsti-

78 337 124 385 tui
140 335 233 386 iussit.
270 335 317 384 15,
327 334 395 386 Arci
407 335 507 388 deinde
519 335 730 394 Pausaniamex
739 341 892 392 amicorum

79 399 203 453 cohorte
222 404 387 476 praeponit,
415 403 557 454 attributis
577 405 741 472 Argivorivm
765 408 891 460 auxiliis:

79 476 195 520 ceteras
223 471 296 534 socii,
305 485 364 520 rum
389 471 485 537 copias
510 486 572 521 cum
592 471 661 523 Gala
683 451 716 523 ef
729 474 890 527 Alexandro

78 536 192 603 Aesopi
220 537 279 588 filio
299 538 327 588 in
350 539 507 589 Menrnonis
532 537 735 605 praefecturam
756 543 889 594 immittit.

77 601 278 672 vectigalibus
298 605 410 657 tributis
431 621 465 657 ue
492 606 660 672 colligendis
678 605 785 659 Niciam
806 625 889 676 quen-

77 671 146 722 dam
167 673 320 739 praeficit3·
341 622 496 724 Asan‘drum
515 671 645 726 Philotae
666 673 753 723 filium
771 675 889 742 Lydiae,

78 740 184 806 quibus
202 740 304 790 finibus
322 739 509 806 Spithridates
530 741 676 792 tenuisset.
720 740 787 792 Dati
806 744 842 793 ad
861 745 889 794 id

78 809 192 874 equites
204 823 266 857 cum
277 808 416 872 expeditis
428 805 604 866 cohortibus,
625 812 694 874 quot
711 809 740 858 in
760 823 889 875 praesen-

78 875 123 925 tia
142 873 291 925 suffecturi
310 875 487 941 putabantur.
525 874 565 925 lt.
588 874 686 941 Lydos
712 890 807 926 omnes
833 879 890 930 suis

77 941 194 1008 legibus
214 942 304 993 libere
322 941 364 990 uti
381 941 520 1007 permisit3
539 949 569 992 et
604 943 651 992 uia
662 941 815 994 Sardianos
825 943 891 994 Dia-

76 1024 145 1069 nae,
167 1023 250 1074 quam
264 1007 417 1059 Colodnem
430 1016 550 1072 vocarit„
562 958 650 1062 statui
664 1010 775 1061 deditos
787 1026 889 1080 cogno-

77 1082 173 1136 verat,
192 1075 270 1126 illius
292 1076 395 1143 templo
415 1077 459 1128 ius
480 1077 552 1144 asyli
566 1077 740 1144 gratificatus
751 1085 802 1128 est.
838 1079 890 1130 Mi·

75 1143 203 1194 threnen
215 1139 369 1195 honorifice
379 1157 473 1195 secum
483 1143 589 1208 habuit,
608 1151 640 1196 ut
650 1147 710 1197 eius
722 1145 850 1212 exemplo
862 1159 891 1198 et
944 1157 945 1161 ’

76 1211 156 1262 alios
171 1209 206 1260 ad
225 1210 411 1277 proditionem
422 1212 556 1263 illicerets
574 1213 744 1280 procedente
762 1221 889 1281 tempore

79 1285 112 1330 et
129 1276 290 1328 Armeniam
309 1277 577 1347 homiuiregendam
597 1282 744 1338 commisit
778 1284 817 1332 17.
838 1283 888 1333 Ce-

77 1355 173 1398 terum
185 1346 304 1413 repertis
313 1348 343 1397 in
352 1362 416 1398 arce
428 1348 543 1411 libellis,
561 1349 590 1400 in
601 1349 700 1415 quibus
710 1345 889 1402 inter‘cetera

77 1415 254 1532 perscriptae
266 1421 345 1465 eraut
357 1415 537 1483 largitiones,
559 1416 595 1467 ob
609 1417 712 1467 bellum
726 1417 888 1469 Macedoni·

78 1483 134 1533 bus
145 1481 175 1532 in
212 1483 304 1533 raecia
315 1481 491 1534 conflandum
500 1500 517 1535 a
527 1485 645 1550 satrapis
656 1484 762 1546 factae,
783 1500 887 1553 cogno-

77 1551 130 1611 vit,
141 1547 359 1602 Demosthenem
370 1551 431 1601 eam
443 1551 477 1602 ob
489 1567 600 1603 causam
611 1567 739 1620 magnum
750 1554 809 1602 auri
820 1567 887 1619 pon-

78 1616 133 1667 dus
146 1618 301 1684 accepisse3
313 1618 391 1668 cuius
403 1620 488 1668 etiam
499 1619 636 1686 epistolae
646 1620 686 1670 ibi
696 1620 886 1671 servabantur.

79 1685 121 1735 18.
143 1683 199 1752 ¹Sed
209 1684 276 1752 quia
285 1699 354 1750 pace
365 1701 426 1736 eum
436 1684 652 1738 Atheniensibus
667 1689 738 1737 inita
746 1693 888 1738 transacta

79 1767 126 1803 res
146 1757 215 1812 erat,
235 1749 305 1802 nihil
318 1767 352 1802 ea
365 1752 400 1802 de
415 1766 445 1802 re
456 1753 548 1817 palam
557 1759 727 1819 conquestus
738 1760 794 1816 est3
813 1760 887 1804 eete-

79 1834 142 1870 rum
152 1818 303 1870 intentiore
314 1834 381 1871 cura
391 1819 552 1886 agitandum
563 1819 680 1879 censuit,
691 1819 830 1884 quomodo
842 1819 888 1870 ad-

79 1901 178 1938 versus
189 1885 332 1938 efficacem
342 1888 396 1937 viri
407 1887 596 1953 eloquentiam
605 1884 732 1936 Athenae
746 1887 776 1936 in
791 1884 887 1937 officio

80 1954 300 2016 continerentur,
321 1970 372 2006 sua
392 1954 551 2014 defectione
565 1953 724 2005 universam
741 1953 889 2005 Graeciam

79 2024 110 2073 in
120 2028 213 2088 partes
223 2028 373 2074 tracturae.
399 2021 498 2076 ‘Nemo
514 2022 680 2074 occurrebat
689 2019 833 2073 Phocione
849 2021 889 2071 di·

81 2089 174 2158 gnior,
193 2090 272 2141 auius
285 2091 533 2154 mirainnocentia,
554 2098 584 2142 et
594 2089 629 2143 ob
640 2089 890 2142 constantiamvir·

80 2155 298 2209 tutishonorata
312 2164 460 2224 paupertas
475 2165 543 2210 erat.
579 2158 619 2209 19.
639 2158 708 2208 Eum
729 2171 816 2222 ergo,
834 2157 889 2223 pri·

80 2241 155 2278 mum
170 2225 206 2276 ob
222 2239 315 2287 usum,
337 2225 438 2276 deinde
451 2233 482 2277 ut
495 2224 616 2276 hominis
631 2223 888 2291 magnanimitatem

80 2292 175 2362 multis
195 2293 392 2359 experimentis
414 2294 556 2361 cognorit,
577 2292 761 2344 admiratione
776 2293 887 2343 virtutis

80 2364 122 2412 ita
132 2360 229 2421 coluit,
242 2365 272 2410 ut
282 2373 365 2426 quum
375 2368 440 2428 post
450 2376 576 2412 eversum
584 2360 665 2411 Darii
673 2359 819 2426 imperium
830 2363 888 2411 ani-

79 2443 126 2480 mo
139 2426 238 2490 elatus,
249 2429 388 2480 neminem
397 2429 453 2479 iam
462 2429 553 2480 salute
564 2427 736 2495 dignaretur,
755 2427 790 2478 ad
806 2443 887 2496 quem

81 2495 236 2557 scribebat,
256 2496 386 2548 eximium
407 2511 469 2547 eum
488 2494 624 2548 honorem
643 2494 751 2560 duobus
769 2501 888 2555 tantum,

80 2563 231 2629 Antipatro
243 2570 272 2614 et
281 2562 433 2627 Phacium,
443 2562 581 2615 habuerit.
618 2564 659 2614 20.
675 2562 805 2624 Constat,
822 2560 888 2612 huie

76 2631 232 2699 ¹aliquando
243 2636 353 2682 eentum
363 2633 470 2683 talenta
479 2633 554 2683 dono
564 2631 675 2683 misisse
684 2645 793 2699 regem:
812 2627 889 2679 dein·

80 2699 117 2752 de
136 2699 281 2766 optionem
298 2698 402 2752 fecisse
421 2703 496 2751 inter
515 2706 638 2768 quatuor
654 2697 728 2750 haud
746 2693 889 2764 ignobiles

155 2817 167 2846 η
