2048 3034
316 185 464 238 LIBER
488 187 535 238 lv.
565 186 664 239 cAP.
693 188 732 237 13.
882 187 931 237 1⁷7

124 289 201 340 exire
212 299 328 338 necesse
338 295 408 339 erat:
418 296 485 339 tunc
494 288 604 338 demum
613 289 699 339 intrat
707 287 929 350 taberuahulum,

125 357 291 422 saepiusque
302 358 412 408 nomine
423 356 630 422 compellatum,
638 370 794 422 quumvoce
802 371 930 424 nonpos-

126 430 176 486 set,
198 427 274 474 tactu
294 423 435 474 excitavit.
472 425 514 474 21.
535 421 623 474 Multa
633 423 687 483 lor,
707 424 805 490 inquit,
815 431 868 480 ert:
885 424 928 478 in-

123 497 253 542 structam
264 489 348 540 aciem
358 490 442 542 imm
452 489 584 544 admovit:
603 498 663 542 tuus
674 489 745 540 miles
759 487 846 542 adhuc
854 491 926 546 iner-

127 556 174 608 mir
185 557 477 625 exspectatimpere'um.
518 557 571 609 Ubi
579 555 707 623 eatoigor
716 557 757 607 ide
768 557 853 610 animi
871 557 928 612 tui!

125 640 183 676 nem
202 624 345 678 eeecitare
357 625 534 694 vigilesroder.
565 628 607 676 22.
625 625 665 676 hd
678 623 747 675 haec
758 625 926 678 Alexander:

83 700 87 706 '
121 709 168 744 cre
187 692 250 756 isne,
271 709 312 744 me
317 693 396 760 prior
406 709 527 743 somnum
537 709 632 760 cupere
638 691 767 758 potuisse,
780 708 859 758 quom
867 709 927 744 exo-

122 777 244 827 perorem
254 761 373 812 animum
382 759 568 819 sollicitudine,
590 775 657 826 quoe
678 759 791 826 quietem
805 760 927 810 morato-

123 829 183 880 tur?
209 829 376 895 signumque
396 838 506 895 pugnae
525 827 592 877 tuba
612 827 671 876 dari
693 827 804 877 iussit·
828 827 870 878 23.
895 827 929 881 Et

119 911 205 964 quum
214 897 244 946 in
255 896 353 946 eadem
365 895 550 946 admiratione
562 895 710 945 Parmenio
727 902 928 962 perseveraret,

120 963 198 1030 quod
209 977 325 1014 securus
336 978 461 1013 somnum
474 963 606 1028 cepisset3
626 961 741 1024 minime,
763 962 862 1028 inquit,
882 962 928 1013 mi-

122 1045 184 1082 rum
194 1037 249 1081 ert:
268 1029 407 1096 egoenim,
429 1046 507 1096 quum
520 1028 621 1082 Darius
632 1040 718 1081 terrm
738 1038 836 1091 ureret,
858 1029 929 1082 vicos

123 1095 929 1166 exscinderet,alirncntocorrumperet,potenrmeinerieruor:

119 1165 166 1216 ei.
186 1179 328 1216 auncrero
341 1164 406 1233 quid
413 1174 537 1229 metuam,
557 1166 704 1234 quamacie
722 1165 863 1217 decernere
878 1181 929 1232 pe·
1009 1185 1010 1188 ¹

118 1231 183 1284 ret?
210 1229 328 1283 Hercule
337 1241 426 1284 uotum
436 1249 522 1285 meum
532 1233 657 1301 implevit.
694 1233 845 1286 deciderim
864 1250 928 1300 quo-

120 1315 173 1368 que
184 1298 368 1351 comiliiratio
381 1311 476 1368 postca
498 1303 636 1354 reddetur:
655 1318 700 1353 vor
717 1301 755 1353 ite
775 1302 812 1352 ud
829 1301 928 1368 copias,

120 1366 217 1436 quibus
229 1367 461 1436 quisquepruecrt.
499 1369 563 1438 Ego
574 1370 628 1421 ium
643 1370 734 1432 adero,
753 1379 780 1422 et
795 1368 931 1439 quidfleri

118 1437 206 1498 eelim,
218 1451 357 1502 exponam.
393 1437 435 1488 25.
455 1438 528 1488 Raro
540 1439 698 1500 admodum,
719 1438 863 1488 admonitu
874 1453 929 1488 ura-

118 1504 165 1571 gis
177 1505 339 1565 amicorum,
359 1519 440 1571 quam
449 1513 524 1556 metu
536 1505 705 1557 discriminis
717 1506 847 1564 adeundi,
867 1505 929 1556 tho-

118 1573 236 1623 receuti
248 1570 367 1622 solebat.
404 1573 483 1622 Tunc
494 1587 604 1639 quoque
616 1574 785 1625 nruuinrento
802 1575 929 1639 corporis

120 1644 223 1701 sumto,
234 1639 377 1706 processit
386 1638 420 1689 ad
431 1639 544 1690 milites.
567 1641 648 1690 Haud
661 1641 731 1690 alias
742 1646 796 1690 tani
808 1641 930 1690 alacrem

119 1706 250 1758 viderent
260 1720 367 1772 regem:
387 1713 416 1756 et
425 1706 504 1756 vultu
515 1707 574 1756 eius
584 1707 724 1766 interrito,
737 1713 840 1756 certam
852 1721 929 1771 spem

119 1775 258 1824 victoriae
270 1773 487 1840 augurabantur.
524 1773 565 1824 26.
585 1772 677 1840 Atque
689 1773 737 1822 ille
748 1780 864 1839 proruto
877 1773 931 1826 val·

119 1841 149 1892 lo
162 1843 240 1892 exire
252 1841 350 1906 copias
360 1841 447 1903 iubet,
459 1841 603 1908 aciemque
616 1841 748 1907 disponit.
785 1840 815 1890 ln
830 1840 930 1890 dextro

117 1924 210 1960 cornu
228 1909 317 1960 locati
336 1915 402 1960 sunt
421 1911 544 1976 equites,
571 1925 642 1975 quos
662 1923 761 1976 agema
780 1908 930 1974 appellant.

119 1976 260 2028 Praeerat
270 1975 313 2030 his
325 1977 426 2030 Clitus:
446 1978 490 2028 eui
501 1977 592 2028 iunxit
603 1975 733 2028 Philotae
752 1983 866 2036 turmas,
887 1990 932 2025 oe·

115 2051 254 2112 terosque
263 2043 424 2112 praefectos
435 2046 558 2113 equitum
570 2045 651 2096 lateri
664 2045 723 2096 eins
732 2041 876 2110 applicuit.
889 2043 930 2092 2¹1.
1009 2083 1010 2086 ,

118 2112 225 2164 Ultima
234 2113 372 2180 Meleagri
382 2113 429 2164 ala
439 2113 544 2165 stabat:
566 2130 646 2181 quam
657 2111 777 2181 phalanx
797 2111 932 2176 sequeba-

116 2187 174 2232 tur.
212 2178 283 2232 Post
293 2178 459 2248 phalangem
470 2181 675 2250 Argyraspides
686 2186 778 2231 erant:
795 2179 838 2230 his
851 2179 931 2231 hica-

116 2263 181 2311 nor,
202 2247 396 2301 Parmenionis
409 2249 491 2311 iilius,
510 2256 648 2315 praeerat.
684 2251 727 2300 28.
747 2249 783 2298 ln·
796 2247 930 2302 subsidiis

114 2331 183 2366 cum
192 2331 275 2371 manu
285 2332 337 2370 sua
347 2316 470 2369 Coenos:
483 2324 547 2383 post
558 2332 620 2368 eum
633 2317 749 2366 Orestes
761 2315 930 2383 Lyncestes·

116 2397 184 2450 que.
220 2383 364 2438 Postillos
376 2385 564 2452 Polypercon,
586 2385 642 2436 dux
661 2385 801 2502 pereglpini
821 2384 928 2439 utilitia.

114 2449 212 2501 Huius
223 2455 340 2520 agminis
350 2453 484 2519 Anryntes
498 2454 626 2520 princeps
639 2458 708 2504 orat.
761 2450 930 2520 hilagusssa·

112 2517 214 2570 locros
224 2521 350 2587 regebat,
365 2521 393 2571 in
405 2522 570 2578 societatem
582 2519 812 2586 nuperadscitos.
848 2521 930 2570 llaec

14 2585 15 2598 ³
112 2584 212 2640 dextri
224 2585 409 2640 coroniacies
421 2595 489 2644 erat.
525 2587 567 2640 29.
588 2589 621 2638 ln·
638 2588 718 2640 laevo
728 2589 865 2640 Craterus
879 2585 930 2636 Pe·

111 2653 335 2722 loponnensium
354 2657 463 2725 equites
483 2654 612 2718 habebat,
633 2654 806 2708 Achaeorum
827 2663 856 2704 et
875 2652 929 2702 Lo·

109 2723 421 2846 crgnlpilpprlpltshlaledn
431 2725 529 2777 turmis
543 2724 597 2776 sibi
607 2725 763 2843 adiunctiffi
774 2719 918 2775 tios'l'hee
