2054 3030
80 182 159 234 -11c
326 146 690 241 ournrr'cuaru

108 289 164 334 tem
189 281 336 347 aegritudo
362 282 489 348 corporis
512 281 642 348 urgebat3
669 280 768 346 quippe
792 278 915 329 Darium

77 357 80 366 “
108 351 205 418 quinto
215 349 259 398 die
270 348 298 398 in
310 348 435 399 Ciliciam
446 347 507 399 fore
518 347 703 398 nuntiabatur.
726 345 855 396 Vinctum
867 359 915 396 er·

108 432 144 484 go
156 430 186 466 se
196 415 281 476 tradi,
296 421 437 471 ettantam
448 415 592 465 victoriam
602 415 672 479 eripi
683 413 736 464 sibi
748 427 762 462 e
773 411 912 475 manibus,

108 483 281 549 obscuraque
300 488 329 532 et
341 482 459 551 ignobili
476 489 565 532 morte
579 482 608 532 in
622 480 803 532 tabernaculo
820 480 913 531 extin-

107 551 196 618 guise
208 545 383 617 querebatur.
406 548 646 627 ll.Admissisque
656 549 752 599 aniicis
762 547 870 614 pariter
881 554 914 598 et

106 617 234 668 medicis=
256 615 290 667 In
305 633 355 684 quc
369 632 418 678 me,
438 617 537 683 inquit,
556 617 669 667 articulo
683 630 773 667 rerum
789 629 913 666 mearum

105 684 219 751 fortuna
236 682 446 752 deprehenderit,
464 682 580 734 cernitis.
617 681 763 750 Strepitum
773 680 914 732 hostilium
934 710 939 718 ·

106 765 243 802 crinorum
263 750 390 803 exaudire
408 750 507 812 videor,
528 759 556 802 ct
569 750 615 818 qui
627 751 698 801 ultro
713 748 793 800 inmli
806 749 911 810 bellum,

105 819 159 870 iam
168 835 312 886 provocor.
350 820 390 867 12.
411 815 513 868 Darius
532 834 598 885 ergo
619 833 697 884 quum
716 826 771 868 tam
783 816 913 884 superbas

105 886 195 938 literas
204 885 342 946 scriberet,
346 884 491 952 fortunam
498 899 582 937 mecm
589 885 618 935 in
628 883 735 936 coasilio
748 883 855 935 babuit.-
866 885 916 934 seu

105 953 296 1020 nequidquam,
317 951 342 1001 ci
359 951 426 1003 mibi
442 951 556 1004 arbitrio
577 967 634 1003 meo
654 950 746 1003 curari
762 951 831 1002 licet.
869 951 911 1002 13.

106 1019 194 1072 Lenta
203 1019 320 1071 remedia
330 1026 355 1069 et
366 1033 460 1085 segnes
470 1018 584 1070 medicos
595 1025 779 1086 nuncupet-rent
788 1027 913 1086 tempora

107 1103 178 1138 mea:
196 1085 314 1137 colmari
323 1093 443 1147 strenue,
463 1101 541 1152 quam
554 1087 630 1137 tarde
641 1086 829 1148 concalescere,
844 1084 913 1136 milia

107 1155 198 1206 melius
209 1161 255 1204 est.
291 1151 418 1218 Proinde,
428 1151 453 1202 ai
462 1152 527 1219 quid
535 1153 600 1220 opit,
610 1153 634 1204 ei
644 1153 708 1220 quid
715 1153 782 1204 artie
791 1152 820 1204 in
828 1152 910 1203 medi-

108 1222 144 1272 cis
155 1229 201 1282 eet,
212 1217 308 1282 edant,
319 1234 360 1270 mc
369 1235 424 1269 non
434 1227 489 1270 tam
498 1219 600 1282 mortis,
608 1235 686 1288 quam
697 1219 757 1271 belli
766 1220 912 1272 remedium

108 1302 243 1355 quaerere.
280 1287 321 1356 lsi.
340 1286 484 1354 lugentem
505 1289 632 1340 cornibus
647 1290 803 1339 incusserat
816 1303 914 1338 curam

106 1363 162 1404 tam
174 1367 309 1420 praeceps
324 1357 468 1406 temeritas
489 1355 557 1406 eius.
594 1357 668 1423 Ergo
682 1369 733 1422 pro
747 1371 778 1407 se
793 1357 913 1424 quisque

107 1421 216 1488 precari
226 1420 412 1489 coeperejne
426 1421 606 1474 festinatione
620 1423 772 1490 periculum
784 1429 914 1491 augeret,

108 1488 158 1538 sed
169 1493 244 1538 esset
255 1489 283 1538 in
295 1495 434 1556 potestate
445 1490 622 1542 medentium:
651 1491 692 1540 15.
712 1491 859 1556 inexperta
870 1505 915 1542 re-

106 1555 200 1606 media
211 1553 284 1606 haud
298 1558 400 1608 iniuria
409 1557 478 1624 ipsis
490 1573 552 1608 esse
563 1563 700 1624 suspecta,
713 1573 794 1625 quum
806 1557 841 1608 ad
852 1573 914 1624 per-

106 1621 209 1672 niciam
220 1623 281 1674 eius
292 1625 377 1674 etiam
393 1626 506 1676 alatere
517 1625 605 1692 ipsius
616 1625 735 1692 pecunia
744 1625 915 1677 sollicitaret

107 1688 207 1740 hostis.
245 1689 284 1740 lb.
302 1691 409 1758 Quippe
420 1692 522 1744 Darius
532 1693 609 1743 mille
620 1693 725 1743 talenta
734 1691 915 1745 interfectori

106 1757 257 1827 Alexandri
277 1760 405 1810 daturum
420 1775 450 1810 se
467 1761 639 1828 pronuntiari
653 1761 782 1811 iusserat.
813 1761 913 1828 ltaque

105 1839 141 1875 ne
153 1840 282 1876 ausurum
293 1827 402 1894 quidem
414 1843 576 1894 quemquam
586 1828 792 1880 arbitrabantur
802 1831 913 1896 experi-

105 1895 132 1943 ri
140 1893 303 1955 remedium,
314 1894 389 1960 quod
399 1901 513 1962 propter
522 1898 672 1946 novitatem
683 1900 781 1963 posset
790 1909 853 1946 csse
867 1913 914 1948 su·

106 1975 119 2008 s
141 1965 240 2010 ectum.

103 1976 138 2064 ·p
157 2025 204 2078 Vl.
223 2027 290 2076 Erat
305 2027 380 2075 inter
395 2027 502 2078 nobiles
517 2029 642 2081 medicos
659 2045 674 2081 e
690 2029 858 2081 Macedonia
869 2045 915 2082 rc-

108 2109 171 2160 gem
182 2091 454 2158 secutusPhilippus,
466 2095 577 2146 natione
587 2099 721 2160 Acarnan,
734 2098 804 2148 lidus
816 2097 915 2148 admo-

108 2161 171 2212 dum
183 2163 256 2229 rcgi:
267 2175 353 2227 puero
365 2175 459 2212 comes
470 2168 498 2212 et
508 2170 603 2215 custos
612 2165 710 2216 salutis
722 2166 873 2227 datus,non
882 2171 916 2216 ut

106 2243 202 2295 regem
210 2229 304 2290 modo,
319 2227 370 2278 sed
382 2229 465 2279 etiam
476 2236 505 2281 ut
515 2230 666 2295 alumnum,
681 2233 782 2283 eximia
793 2232 915 2282 caritate

109 2295 253 2360 diligebat.
289 2297 313 2344 2.
330 2295 356 2346 ls
372 2311 427 2346 non
442 2312 574 2365 praeceps
590 2315 629 2360 se,
649 2301 698 2350 sed
715 2306 857 2350 strenuum
868 2313 915 2350 re·

107 2361 228 2410 medium
240 2361 354 2424 afferre,
369 2369 528 2430 tantamque·
537 2369 591 2417 irim
601 2366 691 2417 morbi
700 2368 814 2434 potione
824 2367 915 2416 medl-

108 2434 170 2478 cata
179 2427 333 2479 levaturum
346 2446 408 2482 esse
417 2434 552 2496 promisit.
581 2433 656 2483 Nulli
673 2435 838 2500 promissum
851 2433 914 2484 eius

105 2494 244 2562 placebat,
256 2504 365 2562 praeter
376 2499 472 2563 ipsum,
490 2503 568 2550 cuius
578 2501 703 2567 periculo
716 2501 913 2567 pollicebatur.

86 2565 90 2576 ’
106 2563 131 2612 3.
145 2562 245 2613 Omnia
255 2564 355 2629 quippe
366 2563 486 2626 facilius,
498 2582 578 2633 quam
589 2583 702 2630 moram,
714 2569 820 2635 perpeti
832 2573 914 2636 pote·

107 2636 162 2681 rat:
182 2643 259 2680 arma
269 2636 297 2680 et
307 2632 381 2681 acies
394 2633 422 2681 ln
434 2633 521 2683 oculis
533 2641 624 2695 erant,
640 2641 668 2685 et
680 2637 824 2686 victoriam
835 2639 864 2686 in
875 2649 913 2686 eo

106 2699 225 2762 positam
237 2711 299 2748 esse
311 2698 507 2763 arbitrabatur,
519 2702 660 2752 sitantum
670 2712 733 2754 ante
744 2704 824 2770 signa
835 2709 914 2753 stare
