2082 3042
99 207 151 259 ror
322 203 494 266 aarum
521 181 688 257 curari

98 307 283 360 valetudinem
298 306 398 373 potuit.
436 297 564 358 Ceterum
578 312 656 358 tanta
669 305 815 357 alacritate
829 304 900 359 mili·

95 384 153 427 tum
173 381 248 425 rates
268 375 379 426 iunctae
394 379 470 436 sunt,
496 381 525 424 ut
535 373 694 424 intriduum
704 372 802 424 ad²Xil
814 373 901 424 miliia

96 443 215 494 effectae
228 443 291 492 sint.
311 443 335 496 8.
347 441 403 492 lam
425 455 459 490 ue
471 441 504 491 ad
516 441 712 492 transeundum
724 442 900 508 omniaapta·

95 517 202 570 verant,
213 525 295 576 quum
307 509 394 576 legati
406 457 570 575 &cytharon
583 507 649 570 XX,
660 523 737 558 more
747 508 840 576 gentis
852 523 901 576 per

97 585 189 629 castra
207 578 285 644 equis
301 578 383 638 vecti,
403 576 524 626 nuntiari
538 575 635 626 iubent
648 577 717 642 regi,
738 575 811 625 veiie
822 576 900 643 ipsos

97 646 131 697 ad
143 661 204 698 eum
215 644 345 695 mandata
354 642 488 710 perferre.
524 641 549 693 9.
567 642 687 694 Admissi
698 645 725 694 in
737 643 901 694 tabernacu-

96 714 161 776 lum,
180 707 305 780 iussique
325 711 486 774 considere,
506 710 534 761 in
554 710 631 761 vultu
651 711 726 777 regis
746 709 902 762 deiixerant

96 781 206 844 oculos3
236 779 320 830 credo
341 779 405 846 quia
424 778 614 846 niagnitudine
635 793 684 828 cor
704 777 760 828 oris
779 778 901 830 animum

95 848 307 898 aestimantibus
317 847 453 908 modicus,
465 844 675 913 haudquaquam
686 795 777 896 iacias
789 860 851 912 par,
862 846 901 896 ri·

94 913 219 966 debatur.
249 917 287 964 rt.
305 911 418 980 Scythis
429 920 519 964 autem
531 929 595 975 non,
607 921 637 964 ut
648 915 749 964 ceteris
761 912 899 974 barbaris,

94 984 171 1034 rudis
183 990 211 1033 et
222 983 380 1033 inconditus
392 995 490 1032 sensus
501 987 556 1032 est:
568 980 677 1046 quidam
687 995 782 1031 eorum
790 980 900 1049 sapien·

94 1053 160 1102 tiam
181 1065 281 1117 capere
304 1049 446 1106 dicuntur,
476 1055 715 1116 quantamcunque
734 1061 803 1114 gens
825 1049 901 1114 capit

96 1133 205 1184 semper
216 1123 329 1167 armata.
360 1117 400 1165 li.
413 1115 514 1182 Sic-que
526 1117 636 1167 locutos
648 1131 710 1166 esse
721 1115 793 1182 apud
804 1129 900 1184 regern

94 1186 246 1235 memmiae
262 1182 401 1250 proditum
417 1190 468 1244 est,
490 1182 669 1234 abhorrentia
682 1181 800 1234 forsitan
817 1184 900 1235 mori·

93 1254 145 1303 bus
160 1253 274 1312 nostris,
296 1256 324 1300 et
333 1256 462 1315 tempora
477 1257 506 1301 et
518 1251 631 1316 ingenia
645 1250 765 1302 cultiora
778 1251 899 1314 sortitie3

94 1318 145 1370 sed
154 1323 184 1367 ut
194 1318 285 1381 possit
296 1319 387 1367 oratio
400 1331 495 1367 eorum
506 1318 609 1382 sperni,
620 1323 711 1368 tamen
723 1317 792 1369 tides
804 1325 902 1370 nostra

93 1401 147 1436 non
160 1383 253 1434 debet.
290 1384 369 1445 Quae
380 1390 518 1452 utcunque
528 1384 632 1436 tradita
641 1392 719 1447 sunt,
738 1386 902 1454 incorrupta

93 1451 275 1518 perferemus.
313 1453 352 1502 12.
373 1451 461 1520 Igitur
473 1469 555 1503 unum
571 1465 606 1504 e'x
616 1451 659 1503 his
671 1454 820 1505 maximum
833 1461 901 1505 natu

92 1521 133 1570 ita
153 1519 275 1570 locutum
296 1520 467 1588 accepinmsc
487 1517 709 1571 seruientium
725 1519 847 1588 corporis
861 1521 902 1573 tui

93 1587 219 1638 aviditati
228 1587 312 1638 animi
316 1603 413 1655 parem
423 1602 477 1638 esre
486 1585 641 1649 voluissent,
663 1587 735 1638 orbis
750 1597 776 1639 te
791 1605 845 1640 uon
856 1605 899 1641 ca·
1025 1595 1026 1620 ¹

88 1663 185 1723 per-etr
200 1656 285 1706 altera
297 1671 377 1706 munte
390 1652 536 1717 Orientem,
558 1657 644 1707 alteru
656 1651 825 1707 Occidentem
836 1673 898 1710 con·

93 1723 219 1791 tingeret.
247 1721 290 1774 Et
297 1723 348 1774 boc
359 1730 492 1775 assecutus
502 1721 570 1774 scire
580 1724 663 1785 veliet,
675 1722 722 1774 ubi
731 1722 803 1775 tanti
814 1723 898 1776 curu·

92 1789 133 1841 nir
137 1790 238 1859 fulgor
249 1791 415 1843 conderetur.
436 1791 475 1843 13.
482 1788 528 1842 Sic
538 1805 641 1858 quoque
652 1806 736 1842 conca
755 1789 900 1858 isticque

92 1874 147 1908 non
161 1858 243 1926 cupis.
280 1858 321 1909 Ab
332 1857 446 1926 Europa
460 1856 528 1924 petis
542 1857 654 1918 Atiam
674 1875 706 1911 ex
743 1857 784 1909 sia
799 1859 899 1910 tramit

92 1923 121 1975 e'n
131 1923 287 1992 Europam:
308 1925 400 1978 deinde
413 1924 438 1976 si
450 1925 595 1976 humanum
606 1941 692 1992 genus
703 1941 780 1976 omne
789 1941 898 1994 supera-

92 1992 175 2057 veris,
187 2009 245 2043 eum
255 1992 339 2054 silvis,
351 2001 377 2044 et
387 1991 505 2054 uiribus,
517 2001 544 2043 et
573 1991 845 2063 urninibus‚ferirqree
857 1993 898 2046 de-

91 2058 149 2110 rtiie
157 2058 434 2128 gesturuserbeilum.
471 2061 512 2110 14.
559 2058 660 2111 uisite?
677 2059 798 2127 ignimur,
817 2061 898 2113 arbo-

91 2142 133 2177 rea
144 2143 257 2196 magnac
268 2125 312 2177 diu
322 2141 447 2188 crescere,
469 2141 523 2177 una
533 2126 602 2178 bora
612 2126 758 2194 exstirpari
762 2129 774 2178 i
794 2125 899 2181 scutras

92 2201 139 2255 est,
161 2193 323 2310 ᾳιιιψασηιι
334 2209 426 2244 euram
471 2202 549 2256 estat,
570 2194 739 2246 altitudinem
754 2211 808 2248 troc
822 2195 899 2248 meti·

92 2267 145 2310 tur.
209 2260 261 2323 ide,
281 2276 322 2321 ne,
343 2261 404 2311 dum
420 2277 437 2312 a
465 2261 897 2328 cacumenpervenireeoatendir,

91 2341 150 2377 cum
169 2326 232 2394 peis
252 2327 341 2390 ramis,
363 2344 428 2396 quos
442 2327 682 2396 comprehenderis,
701 2328 816 2381 decidua.
856 2330 897 2382 rt.

89 2389 147 2445 Leo
173 2411 225 2462 quc
246 2411 278 2446 ue
301 2394 444 2464 aliquando
469 2395 640 2448 minimarum
662 2395 751 2448 arium
765 2396 898 2463 pabutum
1025 2419 1026 2450 r

82 2459 159 2529 sirit:
178 2471 205 2514 et
215 2411 327 2532 ferrum
346 2463 443 2534 rubigo
461 2463 600 2515 contundi.
637 2462 898 2532 Nileiitamflrmam
1025 2465 1026 2528 i

89 2529 727 2598 eet,ccipericulumnonsitetiamubinraiidc.
765 2531 900 2596 16.de
1025 2537 1026 2594 i

89 2596 165 2648 nobis
186 2607 272 2652 tecum
290 2601 346 2650 est?
366 2598 510 2667 Nunquam
530 2606 629 2650 terrum
650 2607 724 2650 tuam
742 2599 896 2664 attigimus.
1025 2601 1026 2664 Ῐ

90 2660 197 2727 Quiris,
213 2667 389 2728 andecanim,
401 2667 495 2719 licetne
505 2665 673 2733 ignoraretis
684 2666 765 2718 curte&
775 2665 847 2718 sitris
857 2665 897 2718 ω’-
1025 2705 1026 2748 q

87 2731 225 2785 rentibus?
235 2733 290 2786 Nec
305 2735 404 2787 servire
414 2733 615 2801 uilipossumuc
626 2749 674 2784 aec
684 2733 817 2801 imperare
827 2731 896 2786 dets'-
1025 2765 1026 2804 3

14 2893 49 3004 i

924 2941 927 2946 ’
986 2914 994 3004 i
