2036 3030
121 151 154 202 to
306 147 440 199 rosus.
465 131 743 199 annius'uunu

120 253 158 302 tis
168 251 255 312 urbis,
277 251 337 299 sive
351 264 464 300 suorum
475 249 573 302 animis
585 247 702 310 diffisus,
721 249 837 299 incensa
848 250 936 312 urbe,

121 319 150 368 in
161 317 327 367 Taulantios
340 317 495 368 exsulatum
506 319 583 368 abiit.

172 451 247 502 XIII.
275 451 386 502 Interea
395 466 445 520 per
462 451 620 502 universam
639 450 785 502 Graeciam
806 449 929 503 diffusus

121 533 233 580 rumor,
252 518 438 571 Alexandrum
457 520 487 568 in
505 518 638 570 Triballis
658 517 808 580 cecidisse,
829 534 930 570 omnes
1005 535 1006 544 ¹

120 585 312 638 Macedonicis
333 587 432 655 opibus
453 585 586 637 adversos
595 588 624 637 in
634 599 711 651 spem
721 599 813 635 rerum
824 601 931 636 novan·
1005 645 1006 652 χ

122 654 220 704 darum
230 657 328 707 erexit.
364 657 389 704 2.
408 651 450 704 Ea
460 669 570 720 quoquc
579 655 609 704 in
619 653 701 704 rebus
713 651 840 704 humanis
853 652 930 705 haud
1005 653 1006 708 ἶ

121 728 264 788 postrema
273 723 417 773 calamitas
429 729 481 785 est,
492 722 575 788 quod,
590 726 730 786 utcunque
742 720 798 770 leri
807 722 930 782 auctori,

122 805 193 856 quae
204 789 279 841 facta
288 796 424 857 optamus,
435 796 491 840 tam
502 790 583 840 enixe
595 789 752 850 creduntur,
766 788 846 855 quasi
856 789 933 838 veri·
1005 787 1006 838 ἰ

121 860 172 908 tati
184 859 239 909 vim
249 856 589 922 afferrepossitpertiuax
599 862 628 907 et
639 856 787 922 impatiens
808 857 932 907 rationis
1005 855 1006 876 ³

123 927 228 990 opinio.
264 926 288 975 3.
308 925 444 990 Repertus
465 929 517 986 est,
538 925 585 990 qui
595 939 625 974 se
635 923 800 988 inspiciente
811 924 931 975 circnm-

120 1001 231 1044 ventum
243 1006 348 1058 regem,
368 997 405 1054 et,
425 1006 478 1057 quo
494 993 583 1042 miuus
595 990 791 1057 ambigeretur,
811 1005 841 1041 se
852 991 883 1040 in
894 1006 931 1041 ea
1005 1025 1006 1028 κ

120 1074 214 1128 pugna
224 1058 399 1109 vulneratum
409 1072 481 1120 esse,
492 1056 656 1109 affirmaret:
667 1057 696 1108 id
706 1059 801 1124 pronis
812 1057 930 1109 auribus

121 1125 481 1193 acceptumvulgatumque,
502 1126 610 1176 civitati
619 1125 816 1176 Thebanorum
827 1130 928 1176 -extre-

120 1209 183 1244 mae
193 1193 359 1243 calamitatis
370 1192 479 1244 initium
491 1194 607 1245 exstitit.
644 1192 669 1244 l,
689 1192 798 1259 Quippe
814 1207 847 1245 eo
858 1209 928 1244 nun-

119 1263 162 1311 tio
173 1262 258 1312 exciti
269 1260 381 1326 quidam
391 1261 525 1322 exsulum,
546 1276 616 1327 quos
636 1276 653 1311 a
668 1259 797 1328 Philippo
818 1260 930 1312 eiectos

121 1329 250 1389 diximus,
270 1327 386 1378 ducibus
399 1327 540 1379 Phoenice
560 1327 745 1395 etProthyte,
764 1326 927 1394 praefectos

119 1394 315 1458 Macedonum,
335 1399 382 1462 qui
394 1395 542 1448 Cadmeam
563 1395 735 1455 obtinebant,
755 1411 838 1463 quum
848 1395 929 1448 nulla

121 1462 180 1513 doli
199 1463 359 1529 suspicione
379 1469 458 1514 extra
479 1478 572 1515 arcem
590 1464 733 1531 progressi
753 1470 856 1524 essent,
878 1463 927 1514 ob-

119 1536 260 1580 truncantt
280 1530 385 1582 civibus
405 1531 440 1582 ad
459 1531 616 1598 speciosum
634 1530 796 1582 liberandae
818 1533 930 1597 patriae

119 1597 232 1648 titulum
251 1602 364 1650 strenue
390 1599 638 1662 concurrentibus,
658 1597 828 1666 praesidium
852 1598 927 1649 obsi-

121 1672 199 1727 cent3
219 1670 248 1716 et
266 1665 371 1732 duplici
388 1666 463 1718 vallo
475 1665 617 1733 fossaque,
637 1682 672 1718 ne
691 1672 862 1718 commeatus
879 1673 928 1716 aut

120 1733 226 1784 auxilia
245 1732 368 1800 submitti
389 1741 520 1801 possent,
541 1735 720 1786 circumdant.
766 1735 790 1784 5.
809 1733 928 1801 legatis

121 1801 222 1853 deinde
243 1803 397 1869 supplicum
417 1802 515 1855 habitu
532 1804 635 1853 circum
650 1803 778 1852 civitates
789 1801 927 1852 Graeciae

119 1871 214 1922 missis
235 1870 360 1934 orabant,
381 1885 416 1921 ne
437 1870 535 1923 deesse
555 1869 660 1920 vellent
673 1868 786 1936 indigne
802 1875 926 1935 ereptam

120 1937 279 1988 libertatem
298 1938 498 2004 repetentibus.
534 1937 571 1986 Et
588 1934 793 1988 Demosthenes
815 1937 926 2002 quidem
1005 1963 1006 1972 ,

121 2006 210 2057 veteri
228 2007 257 2056 in
270 2003 440 2056 Macedonas
455 2005 520 2055 odio
531 2002 713 2055 Athenienses
727 2003 875 2070 permovit,
896 2009 927 2053 ut

122 2073 228 2124 auxilia
237 2077 364 2138 prompte
375 2072 565 2123 decernerent.
587 2073 677 2124 Missa
686 2077 778 2123 tamen
787 2085 844 2122 nou
855 2079 926 2129 sunt,

141 2142 189 2190 uia
199 2140 291 2191 subito
301 2138 451 2191 Alexandri
461 2139 580 2190 adventu
589 2139 726 2206 perculsis
740 2138 929 2204 exspectanda

121 2155 252 2258 Fortunae
262 2207 407 2258 inclinatio
419 2207 573 2258 videbatur.
608 2206 633 2258 b.
656 2203 863 2258 Demosthenes
874 2205 929 2273 pri-

122 2274 193 2323 vatis
204 2276 292 2340 copiis
303 2273 454 2326 Thebanos
464 2275 578 2338 adiuvit,
593 2287 776 2343 magnumque
789 2287 925 2323 armorum

121 2354 265 2391 numerum
285 2343 371 2408 gratis
391 2340 621 2394 subministravit:
650 2340 748 2410 quibus
767 2340 928 2408 perarmati,
1005 2381 1006 2400 ,

122 2407 170 2474 qui
180 2406 308 2474 Philippo
320 2409 459 2460 adimente
471 2426 520 2460 sua
530 2411 689 2472 amiserant,
700 2409 838 2460 Cadmeae
849 2423 925 2475 prae-

121 2475 245 2526 sidiariis
265 2476 367 2527 acriter
385 2476 555 2530 institerunt.
600 2479 625 2528 i.
654 2476 923 2543 Peloponnesiorum

121 2541 195 2595 haud
206 2543 329 2595 invalida
347 2560 442 2596 manus
462 2546 496 2596 ad
515 2544 648 2597 isthmum
668 2549 845 2594 convenerat.
882 2542 924 2592 Ad

123 2626 290 2678 quosquam
311 2611 461 2679 Antipater,
482 2627 563 2680 quem
580 2612 701 2673 interim,
722 2612 787 2662 dum
804 2611 924 2672 abesset,

120 2678 304 2732 Macedoniae
323 2680 497 2747 praefecerat
515 2695 580 2742 rex,
596 2679 720 2730 misisset
741 2681 871 2746 petitum,
890 2691 927 2728 ne
