2054 3030
291 217 438 268 LIBER
466 217 512 268 lll.
542 217 636 268 CAP.
665 219 690 270 8.
815 226 818 232 “
849 219 893 270 121

89 320 211 386 amplius
222 320 364 372 nationum
378 325 534 370 exterarum
551 319 668 370 salutem
684 335 760 372 suam
774 320 895 373 creditu·

87 403 148 439 ram
164 387 231 450 sibi,
251 387 275 439 ei
284 393 328 440 tot
339 386 458 440 militum
474 387 609 454 sanguine
626 386 771 439 imbuisset
780 389 894 442 manual

85 457 113 508 6.
132 454 277 507 Neminem
289 455 420 506 stolidum
431 455 580 505 consilium
591 453 681 519 capite
692 453 768 506 luere
779 455 892 508 debere.

87 521 246 574 Deiuturos
256 523 336 584 enim,
358 523 406 588 qui
416 521 575 584 suaderent,
586 522 612 571 si
623 521 746 572 suasisse
756 526 893 588 periculo-

87 606 152 641 sum
166 598 250 640 esset
286 589 413 657 Denique
428 590 506 655 ipsos
521 589 647 656 quotidie
662 587 697 637 ad
712 603 742 639 se
755 593 850 641 vocari
865 594 892 643 in

86 657 251 718 consilium,
271 658 418 723 variasque
434 657 589 707 sententias
603 657 713 718 dicere;
735 670 787 707 nec
803 666 894 710 tamen

87 725 215 776 melioris
225 725 292 776 fidei
301 723 407 786 haberi,
414 724 461 790 qui
470 724 635 788 prudentius
641 724 789 773 suaserint.
806 726 832 774 ’1.
844 727 895 775 lta·

87 807 143 860 que
154 792 271 844 Graecis
281 793 404 842 nuntiari
416 791 506 842 iubet:
528 791 637 856 „ipsum
652 789 763 855 quidem
776 791 896 843 benero-

84 862 192 912 lentiae
205 861 320 911 illorum
337 859 443 925 gratias
456 871 554 924 agere3
573 865 705 918 ceterum,
726 859 750 909 si
764 866 840 910 retro
854 861 896 912 ire

84 934 195 1045 perpet,
206 926 374 978 hauddubie
383 940 499 992 regnum
512 923 639 976 hostibus
648 925 824 978 traditurum.
843 927 894 980 Fa-

80 1010 131 1046 ma

81 1063 108 1112 8.
121 1060 267 1113 Trahendi
277 1074 344 1110 vero
354 1059 423 1112 belli
432 1061 479 1112 vix
488 1061 572 1111 ullam
583 1075 645 1112 esse
657 1061 803 1115 rationem.
822 1065 895 1116 Tan·

80 1139 132 1182 tae
146 1127 593 1195 enimmultitudini,utiquequum
603 1129 657 1180 iam
668 1126 756 1182 hiems
764 1131 893 1196 instaret,

79 1200 112 1249 iu
124 1195 245 1263 regione
257 1201 343 1256 rasta,
355 1201 384 1246 et
394 1195 511 1246 invicem
522 1211 540 1248 a
549 1197 608 1248 suis
623 1203 705 1264 atque
718 1196 799 1251 hoste
811 1214 894 1252 rexa-

78 1275 121 1329 ta,
133 1279 190 1316 non
203 1261 355 1314 suffectura
364 1263 504 1314 alimenta.
532 1265 557 1314 9.
574 1263 615 1316 Ne
627 1265 713 1317 dividi
725 1267 836 1333 quidem
847 1283 892 1320 co-

79 1336 146 1402 pias
157 1346 241 1399 posse
252 1338 363 1384 serrato
374 1347 451 1382 more
465 1333 615 1396 maiorum,
636 1334 683 1400 qui
699 1336 843 1388 universas
853 1338 892 1389 ri·

80 1417 130 1452 res
152 1413 262 1466 semper
276 1400 428 1450 discrimini
442 1400 580 1451 bellorum
596 1401 755 1455 obtulerint.
792 1405 832 1456 1⁰.
857 1405 894 1457 Et

80 1467 201 1520 hercule
212 1466 367 1518 terribilem
377 1474 460 1518 antea
473 1483 583 1535 regem,
604 1474 633 1520 et
650 1471 779 1523 absentia
792 1487 844 1524 sua
858 1474 893 1525 ad

78 1550 184 1588 vanam
201 1535 330 1586 fiduciam
349 1534 467 1597 elatum,
491 1542 673 1602 posteaquam
690 1537 841 1591 adventare
861 1556 893 1592 ee

79 1605 215 1666 senserit,
227 1608 338 1654 cautum
349 1617 401 1668 pro
412 1604 562 1653 temerario
573 1602 685 1665 iactum,
695 1604 841 1659 delituisse
852 1610 893 1660 iu-

80 1681 128 1723 ter
137 1672 282 1739 angustias
293 1671 393 1730 saltus,
414 1669 469 1720 ritu
481 1670 645 1736 ignobilium
656 1670 791 1736 ferarum,
811 1690 893 1740 quae,

79 1740 204 1804 strepitu
214 1739 451 1806 praetereuntium
463 1737 572 1798 audito,
587 1738 719 1790 silvarum
733 1740 850 1792 latebris
861 1757 891 1793 se

81 1807 269 1858 occuluerint.
307 1807 347 1855 11.
369 1804 427 1855 lam
439 1805 522 1854 etiam
532 1803 701 1856 valetudinis
714 1807 891 1859 simulatione

79 1874 215 1926 frustrari
225 1890 292 1927 suos
302 1873 416 1926 milites.
453 1870 510 1924 Sed
522 1886 578 1922 non
592 1871 709 1938 amplius
723 1873 813 1939 ipsum
829 1888 900 1938 esse⁴

77 1956 231 2012 passurum
241 1941 399 1994 detrectare
409 1944 558 1991 certamen.
578 1939 891 2008 lniliospeeu‚inquem

78 2009 181 2079 pavidi
193 2010 390 2070 recessissent,
411 2023 609 2074 oppressurum
622 2023 685 2060 esse
700 2015 893 2062 cunctantes.“

79 2079 167 2130 Haec
176 2077 398 2144 magnificentius
409 2077 524 2138 iactata,
544 2091 626 2143 quam
639 2077 742 2129 verius.
780 2081 819 2128 11.
841 2080 893 2130 Ce-

77 2158 176 2198 terum
191 2145 311 2212 pecunia
324 2144 398 2195 omui
411 2143 550 2210 rebusque
564 2146 777 2210 pretiosissimis
791 2145 891 2198 Dama·

78 2229 163 2267 scum
180 2212 281 2280 Syriae
296 2227 357 2263 cum
374 2211 484 2262 modico
498 2213 640 2277 praesidio
654 2212 773 2264 militum
787 2213 889 2277 missis,

77 2281 209 2348 reliquas
219 2281 316 2348 copias
325 2280 354 2330 in
365 2279 490 2330 Ciliciam
501 2280 594 2341 duxit,
607 2280 820 2346 insequentibus
831 2297 889 2332 mo-

77 2365 113 2402 re
126 2349 220 2415 patrio
231 2363 330 2416 agmen
342 2347 462 2412 coniuge
474 2352 502 2396 et
512 2353 609 2397 matre.
637 2346 768 2414 Virgines
780 2363 888 2418 quoque

77 2431 150 2471 cum
169 2429 253 2481 perro
275 2416 333 2466 lilio
354 2414 557 2465 comitabantur
578 2419 694 2479 petrem.
735 2415 775 2466 13.
802 2416 888 2470 Forte

79 2483 188 2538 eadem
202 2489 285 2535 nocte
301 2488 330 2534 et
342 2481 501 2534 Alexander
515 2481 551 2531 ad
566 2479 675 2542 fauces,
695 2483 793 2547 quibus
802 2479 892 2552 'Syria

77 2552 190 2611 aditur,
203 2557 231 2602 et
240 2551 343 2602 Darius
354 2549 390 2600 ad
401 2563 462 2599 eum
472 2548 573 2609 locum,
609 2563 671 2600 uem
680 2550 824 2605 Amanicas
836 2553 890 2618 Py-

78 2625 126 2674 las
147 2624 259 2680 vocant,
279 2617 414 2684 pervenit
452 2615 491 2666 ll.
514 2614 573 2666 Nec
590 2565 755 2670 (dubitavere
775 2620 910 2678 Persae,¹

77 2688 151 2757 quin
163 2686 225 2738 lsso
237 2685 351 2747 relicta,
372 2699 453 2751 quam
468 2689 613 2748 ceperant,
627 2684 797 2739 Macedones
810 2685 889 2751 fuge-

75 2762 156 2810 rent.
193 2752 264 2806 Nam
288 2753 371 2804 etiem
391 2751 478 2802 saucii
500 2751 609 2817 quidam
638 2759 666 2804 et
687 2754 815 2816 invalidi,
843 2752 889 2819 qui

166 994 223 1046 ella
237 999 326 1053 stare3
345 998 374 1042 et
387 1007 463 1053 eum,
482 993 529 1058 qui
542 993 667 1055 recedat,
687 991 786 1061 fugere
807 996 893 1047 credi.
994 997 996 1002 “
