2054 3030
356 198 504 258 ululis
532 207 578 260 lv.
607 208 706 260 GAP.
736 211 761 262 9.
789 213 830 262 lu.
913 211 960 264 165

120 377 121 380 Ἴ
155 313 231 364 inter
239 310 349 378 pedites
359 326 410 362 rex
421 325 551 377 egressus
561 311 590 360 in
599 311 695 376 ripam,
716 313 815 364 vadum
826 313 961 366 militibus

156 393 250 440 manu,
272 378 381 496 quando
396 393 452 428 vox
466 377 593 428 exaudiri
611 392 667 428 non
685 385 805 444 poterat,
827 381 961 434 ostendit.

158 445 215 498 Sed
226 460 275 512 gra
296 461 340 496 um
351 446 461 496 firmam
472 447 518 497 vix
531 451 671 512 poterant,
692 460 774 513 quum
791 449 875 500 modo
894 464 963 499 saxa

156 514 267 564 lubrica
276 513 425 580 vestigium
435 512 575 574 fallerent,
590 511 674 572 modo
685 514 810 580 rapidior
816 513 890 567 unda
900 513 962 567 sub-

158 581 282 633 duceret.
318 580 359 634 19.
378 581 550 646 Praecipuus
564 578 835 645 eratlabureorum,
856 582 962 650 quihu-

154 650 241 702 meris
253 664 340 700 onera
354 649 516 716 portabant:
536 649 637 714 quippe
648 662 733 713 quum
742 651 909 715 semetipsos
919 665 961 702 re-

156 731 224 784 gere
242 731 300 767 non
316 722 448 782 possent,
466 717 496 766 in
515 715 629 780 rapidos
643 717 771 782 gurgites
785 715 961 770 incommodo

157 799 243 836 unere
265 782 477 836 auferebantur:
497 788 525 833 et
535 783 599 834 dunr
609 797 663 832 sua.
671 782 788 850 quisque
798 783 889 850 spolia
899 799 963 836 con·

156 853 237 919 sequi
248 850 351 913 studet,
361 849 452 902 maior
461 849 630 917 interipsos‚
641 863 723 916 quam
733 865 795 900 curn
802 865 892 914 amne,
903 861 964 902 orta

155 919 275 970 luctatio
293 925 349 968 est:
368 917 526 983 cumulique
546 917 717 968 sarcinarum
731 917 836 984 passim
855 917 964 970 fluitan-

155 994 211 1048 tes,
221 986 372 1052 plerosque
382 984 568 1050 perculerant.
604 987 646 1035 20.
665 985 726 1036 Rex
736 999 861 1048 monere,
880 995 912 1036 ut
922 1001 961 1036 sa·

156 1051 352 1114 tisbsberent,
373 1067 450 1103 arma
461 1053 595 1116 retinere;
615 1061 711 1104 cetera
729 1069 761 1108 se
779 1053 962 1104 redditurum.

159 1119 216 1172 Sed
226 1135 317 1186 neque
327 1119 484 1182 consilium,
495 1135 584 1188 neque
590 1121 736 1188 imperium
743 1122 832 1188 accipi
839 1128 963 1198 poterat:

158 1187 341 1254 obstrepebat
349 1185 414 1238 hinc
423 1195 522 1251 metus,
533 1187 733 1255 praeterhunc,
743 1189 964 1240 invicemnatan·

156 1257 227 1306 tium
238 1261 348 1307 nrutuus
359 1256 473 1308 clamor.
509 1259 550 1307 21.
570 1256 704 1319 Tandem,
721 1273 776 1324 qua
786 1256 896 1308 leniore
908 1263 964 1307 tra-

157 1329 205 1375 ctu
220 1325 308 1375 amnis
329 1325 420 1390 aperit
437 1324 547 1386 vadum,
569 1340 721 1386 emersere:
740 1325 965 1394 necquidquam

156 1397 270 1458 praeter
279 1407 381 1456 paucas
391 1394 515 1444 sarcinas
526 1392 715 1444 desideratum
726 1399 778 1444 est.
806 1396 848 1444 22.
865 1393 964 1444 Deleri

157 1460 250 1526 potuit
260 1460 411 1522 exercitus,
421 1461 518 1527 siquis
529 1476 612 1512 ausus
623 1467 699 1525 esset
708 1461 830 1511 uincere:
842 1459 893 1511 sed
902 1475 964 1526 per-

157 1533 242 1594 petua
251 1524 366 1576 fortuna
374 1529 451 1594 regis
461 1528 564 1578 avertit
572 1527 637 1579 inde
654 1527 773 1578 hostem.
809 1527 856 1580 Sic
866 1527 966 1579 Grani·

158 1611 231 1656 cum,
252 1600 296 1644 tut
315 1594 439 1646 millibus
459 1595 583 1661 equitum
600 1594 779 1662 peditumque
790 1596 819 1646 in
829 1596 965 1646 ulteriore

158 1661 298 1714 stantibus
308 1661 379 1726 ripa,
390 1663 544 1728 superavit:
557 1662 597 1712 sic
608 1663 733 1730 augustis
743 1665 772 1712 in
783 1663 903 1712 ciliciae
910 1661 966 1712 cal-

156 1729 232 1782 libus
251 1735 358 1780 tantam
375 1728 580 1779 multitudinem
597 1726 729 1778 hostium.
765 1729 806 1778 23.
826 1729 966 1779 audaciae

157 1813 279 1866 quoque,
291 1811 345 1864 qua
354 1798 473 1848 maxirne
484 1795 582 1863 viguit,
593 1795 665 1846 ratio
676 1795 763 1856 minui
773 1799 882 1858 potest3
902 1796 967 1860 quia

157 1881 298 1932 nunquam
308 1867 338 1915 in
348 1865 500 1916 discrimen
510 1864 596 1926 venit,
608 1877 642 1913 an
650 1869 756 1913 temere
764 1860 889 1912 lecisset.
906 1863 966 1912 Ma-

158 1950 259 1995 zaeus,
281 1935 340 1999 qui,
360 1933 385 1982 si
398 1931 608 1983 transeuntibus
629 1929 731 1981 flumen
748 1929 966 1995 supervenisset,

136 2003 138 2007 ’
159 2000 233 2052 haud
245 1999 329 2052 dubie
340 2013 524 2066 oppressurus
534 1997 596 2061 tuit,
618 1997 646 2049 in
667 1998 840 2065 compositos
862 1999 890 2046 in
906 1997 968 2062 ripa

160 2069 279 2129 demum,
301 2072 329 2117 et
340 2068 396 2117 iam
406 2073 589 2135 perarmatos,
609 2067 773 2133 adequitare
784 2064 886 2130 coepit.
922 2065 963 2114 24.

158 2136 239 2190 Mille
251 2133 401 2186 admodum
412 2136 520 2202 equites
531 2137 722 2201 praemiserat.
759 2133 884 2194 Quorum
899 2146 964 2198 pau·

158 2205 245 2256 citate
255 2204 413 2255 Alexander
424 2203 578 2269 explorata,
599 2201 700 2253 deinde
718 2205 868 2262 contemta,
886 2214 964 2265 prue-

157 2270 264 2322 fectum
277 2270 420 2321 Paeonum
436 2271 559 2336 equitum
577 2269 709 2320 Aristona
727 2267 829 2319 laxatis
849 2265 965 2318 habenis

157 2337 253 2390 invehi
262 2339 354 2390 iussit.
389 2337 431 2388 25.
450 2336 571 2404 Insignis
582 2351 616 2386 eo
626 2335 672 2388 die
685 2350 779 2402 pugna
788 2335 921 2402 equitum,
937 2341 965 2384 et

159 2408 308 2473 praecipue
318 2406 467 2468 Aristonis,
480 2403 546 2456 fuit:
564 2403 738 2471 praefectum
748 2404 886 2470 equitatus
898 2403 964 2454 Per-

159 2488 251 2526 sarum
258 2477 445 2541 Satropaten,
457 2472 717 2539 directaingutture
726 2469 963 2530 bastatranslixit3

156 2539 367 2610 fugientemque
378 2557 428 2609 per
437 2541 546 2594 medios
556 2538 652 2592 hostes
660 2545 835 2600 consecutus,
848 2551 883 2588 ex
892 2550 963 2602 equo

125 2617 128 2626 '
155 2605 361 2676 praecipitavit,
373 2617 402 2662 et
409 2609 564 2662 obluctanti
575 2614 658 2672 caput
663 2606 877 2674 gladiodemsit3
889 2602 964 2670 quod

155 2677 276 2729 relatum
286 2693 388 2745 magna
397 2694 459 2728 curn
468 2677 552 2729 laude
564 2682 628 2726 ante
638 2674 715 2742 regis
725 2675 811 2742 pedes
824 2671 928 2738 posuit.

206 2745 242 2798 X.
261 2743 353 2798 Biduo
364 2745 404 2797 ibi
413 2760 464 2797 rex
474 2741 695 2797 stativuhabuit:
712 2743 741 2794 in
750 2739 906 2811 proximum
917 2737 964 2785 de·

961 2883 1011 3003 l
