2082 3042
307 210 454 261 uranu
479 209 544 262 vu.
574 209 665 260 cna.
695 211 719 260 s.
786 270 803 285 .,
863 211 911 260 aar

110 320 201 374 erant,
216 327 297 378 quum

108 380 271 431 nuntiaturi.
305 328 342 430 Et
362 380 432 430 alius
452 393 585 446 praesens
594 382 687 428 terror
697 378 821 440 affertur,
842 379 909 447 Scy-

107 445 233 513 thas‚qui
244 447 437 500 uitraTanaim
448 459 555 496 amnem
566 444 670 504 colunt,
679 445 908 508 adventare,Bes·

8 513 9 516 ’
108 528 141 564 so
160 513 284 566 ferentes
305 529 393 579 opem.
428 513 536 564 Eodem
550 519 685 577 tempore,
706 515 814 578 quaein
825 522 908 580 gente

7 599 8 636 3
107 581 235 632 Ariorum
247 583 369 634 caranus
381 580 545 646 etErigyius
556 583 712 645 gesserant,
723 577 907 644 perferuntur.

7 659 8 674 *
108 647 338 700 83.Commissunr
351 655 411 698 erat
420 646 909 713 proeliuminterMacedonesArios-

108 729 170 782 que.
205 715 364 782 Transfuga
388 714 584 766 Satibarzanes
613 713 739 764 barbaris
768 721 908 780 praeerat:
938 716 939 722 ’

107 783 155 849 qui
174 798 256 849 quum
274 797 395 849 pugnam
415 795 529 846 segnem
543 782 680 847 utrimque
697 781 909 848 aequisviribus

105 855 179 901 stare
190 850 316 908 vidisset,
327 850 355 900 in
367 849 470 914 primos
482 847 594 898 ordines
604 847 784 913 adequitavit,
806 848 909 899 demta·

7 925 8 928 ’
124 931 158 967 ue
169 917 260 983 galea,
271 915 397 967 inhibitis
408 915 453 982 qui
466 914 523 964 tela
531 914 680 977 iaciebant,
698 916 722 964 si
732 917 794 982 quis
804 915 907 968 viritim

104 932 238 1034 iimieare
258 983 353 1043 vellet,
375 982 539 1047 provocavit
557 981 593 1031 ad
612 997 745 1048 pugnam3
765 983 866 1034 nudum
877 998 907 1034 se

106 1056 189 1116 caput
206 1050 236 1100 in
255 1050 406 1101 certamine
425 1047 590 1100 habiturum.
627 1049 667 1100 34.
687 1048 749 1101 Non
759 1049 825 1102 tulit
833 1049 907 1101 fero·

106 1119 177 1168 ciam
188 1117 300 1176 barbari
310 1117 366 1168 dux
377 1117 515 1167 exercitus
526 1117 671 1183 Erigyius,
691 1119 784 1184 gravis
795 1118 907 1186 quidem

105 1189 207 1245 aetate,
218 1184 268 1234 sed
279 1190 307 1234 et
318 1185 401 1236 animi
412 1192 441 1235 et
451 1185 577 1250 sermonis
587 1184 689 1236 robore
700 1185 767 1236 nulli
778 1188 907 1241 iuvenum

103 1249 310 1368 gestiercndus.
346 1253 372 1302 ls
393 1252 475 1320 galea
495 1251 588 1304 demta
607 1253 736 1304 canitiem
753 1259 907 1318 ostentans,

133 1317 196 1379 enit,
208 1320 307 1386 inquit,
327 1319 388 1382 dies,
410 1319 649 1386 quooutce'etoria,
672 1319 906 1372 autmortehone-

103 1385 226 1448 amoime,
248 1387 337 1454 quales
358 1386 456 1440 amicos
476 1396 504 1438 et
520 1387 616 1438 milites
629 1386 780 1440 Alexander
799 1387 906 1452 haheat,

104 1455 248 1505 ostendam.
286 1453 326 1506 35.
338 1454 396 1506 Nec
406 1455 486 1520 plura
498 1456 637 1516 clocutus,
649 1469 747 1522 equum
757 1457 784 1506 in
797 1454 906 1507 hostem

103 1521 171 1588 egit.
208 1521 344 1572 Crederes
365 1522 537 1587 imperatum,
555 1527 588 1571 ut
606 1521 681 1570 acies
697 1527 832 1588 utraeque
849 1523 907 1574 tela

102 1586 277 1639 cohiberent.
313 1587 444 1637 Protinus
456 1593 532 1638 certe
542 1593 728 1649 recesserunt,
740 1589 804 1638 dato
816 1589 905 1640 libero

103 1655 210 1722 spati03
229 1655 331 1704 intenti
344 1655 372 1703 in
386 1659 523 1713 eventum,
542 1669 597 1704 non
612 1653 727 1704 duorum
742 1655 835 1716 modo,
856 1656 906 1706 sed

103 1723 189 1774 etiam
201 1735 268 1772 suae
279 1721 377 1780 sortis,
393 1721 493 1786 quippe
508 1719 628 1770 alienum
638 1720 787 1770 discrimen
798 1727 907 1772 secutu-

102 1793 137 1840 ri.
161 1788 201 1840 36.
215 1787 297 1838 Prior
307 1787 442 1837 barbarus
453 1787 545 1836 enrisit
556 1785 671 1847 hastam,
684 1801 764 1852 quam
774 1787 906 1854 Erigyius

7 1861 8 1914 j
103 1857 215 1908 modica
226 1855 325 1920 capitis
338 1853 644 1915 declinatione'vitavit,
665 1859 747 1918 atque
762 1855 823 1920 ipse
837 1854 906 1904 infe-

7 1935 9 1982 ἕ
103 1936 175 1976 stam
195 1923 336 1984 sericeam,
357 1937 428 1988 equo
450 1921 605 1972 calcarihus
625 1921 746 1982 concito,
764 1921 793 1972 in
813 1922 905 1974 medio

7 1991 8 2026 ³
102 1992 216 2042 barbari
228 1997 339 2058 gutture
351 1991 389 2042 ita
405 1990 479 2052 huit,
499 1995 530 2041 ut
543 2004 593 2056 per
610 1990 746 2040 cervicem
761 1989 904 2041 emineret

103 2060 145 2110 37.
165 2058 370 2126 Praecipitatus
381 2073 415 2108 ex
426 2072 497 2125 equo
510 2056 642 2108 barbarus
654 2055 743 2108 adhue
755 2063 849 2108 tamen
864 2071 905 2108 re-

7 2139 8 2164 i
100 2127 253 2194 pugnabat.
289 2125 346 2179 Sed
363 2126 412 2176 iile
433 2131 585 2175 extractam
605 2139 640 2176 ex
659 2125 771 2176 vulnere
798 2122 904 2176 hastam
932 2173 934 2178 .

100 2209 200 2245 rursus
219 2195 248 2242 in
268 2208 299 2243 os
321 2193 425 2259 dirigit.
462 2191 657 2243 Satibarzanes
674 2189 810 2258 [hastam]
823 2207 905 2243 manu

103 2262 275 2327 complexus,
296 2273 352 2326 quo
362 2259 496 2309 maturius
505 2259 641 2320 interiret,
661 2259 747 2309 ictum
758 2257 847 2310 hostis
858 2260 905 2312 ad·

7 2321 8 2378 Ῠ
100 2329 181 2379 iuvit.
217 2329 258 2379 38.
278 2325 444 2386 Etharbari,
456 2325 525 2376 duce
537 2326 747 2392 amisso‚quem
757 2327 846 2394 magis
858 2342 904 2380 ne·

102 2395 235 2445 cessitate
247 2409 328 2460 quam
339 2399 439 2460 sponte
452 2393 542 2443 secuti
552 2398 639 2454 erant,
651 2399 716 2444 tunc
727 2390 799 2446 haud
809 2395 903 2447 imme·

99 2477 195 2513 mores
211 2465 372 2513 meritorum
383 2459 546 2521 Alexandri,
562 2475 638 2510 arma
653 2460 768 2526 Erigyio
782 2460 902 2512 tradunt

99 2529 143 2581 39.
163 2529 223 2580 Rex
238 2528 281 2580 his
297 2527 408 2594 quidem
423 2527 528 2588 laetus,
551 2527 584 2577 de
601 2526 743 2592 Spartanis
764 2526 903 2596 haudqua-

99 2612 183 2665 quam
195 2607 324 2655 seourus‚
336 2608 436 2661 magno
447 2599 538 2644 tamen
549 2595 641 2644 animo
653 2593 837 2646 defectionem
856 2609 902 2646 eo-

96 2679 160 2716 rum
175 2664 254 2723 tulit,
275 2662 385 2722 dicens,
406 2676 461 2710 non
476 2667 540 2712 ante
555 2665 639 2712 ausos
655 2663 773 2713 consilia
786 2662 901 2723 nudare,

7 2731 8 2760 ³
98 2746 183 2800 quam
192 2731 283 2796 ipsum
294 2728 329 2778 ad
339 2727 407 2780 fines
417 2727 512 2810 indiae
522 2728 683 2798 pervenisse
694 2731 899 2796 cognovissent.

326 312 552 364 reficiscerentur
561 311 693 362 tumultus
704 313 763 363 eius
773 311 912 378 principia
986 373 987 378 Ἰ
