2054 3030
326 191 470 244 creua
486 157 533 244 1v'.
554 194 647 245 cnr.
670 197 694 244 2.
866 194 914 256 ιιι

102 292 147 342 sis
158 293 276 357 pecunia
287 301 396 356 exacta,
418 302 446 344 ct
460 295 601 362 praesidio
612 297 641 346 in
654 298 750 348 urbem
764 295 862 347 Chium
872 297 913 346 in-

102 359 251 420 troducto,
264 367 372 411 centum
384 362 498 412 navibus
508 363 641 423 Andrum,
657 365 758 415 atinde
769 363 914 432 Syphnum

102 427 199 493 petiit.
234 427 288 478 Eas
304 443 358 493 quo
380 445 414 479 ue
427 429 533 480 insulas
547 430 696 496 praesidiis
717 437 849 498 occupat;
865 447 913 497 pe-

102 495 191 545 cunia
203 494 326 546 mulctat.
361 445 403 546 38.
423 497 589 563 Magnitudo
606 497 684 558 belli,
704 499 777 563 quod
791 499 825 549 ab
845 513 912 566 opu-

102 561 270 612 lentissimis
281 562 409 629 Europae
420 564 558 630 Asiaeque
568 565 684 630 regibus
696 565 724 613 in
735 580 812 630 spem
823 569 911 616 totius

104 629 184 679 orbis
196 629 348 696 occupandi
360 631 523 698 gerebatur,
540 631 677 683 Graeciae
688 645 797 698 quoque
808 640 836 682 ct
847 635 920 686 Cre·¹

102 703 152 746 tae
164 711 239 746 arma
249 704 446 748 commoverat.
483 697 526 760 39,
543 697 613 764 Agis
625 697 913 750 Lacedaemoniorum

101 778 165 824 rex,
182 771 245 814 octo
261 764 384 816 millibus
396 764 577 826 Graecorum,
593 768 690 832 quiex
707 765 806 816 Cilicia
818 766 913 832 prolu-

102 834 135 898 gi
151 831 249 882 domos
263 833 444 899 repetierant,
466 834 629 892 contractis,
649 832 752 882 bellum
767 834 912 898 Antipatro

100 899 290 950 Macedoniae
311 897 455 964 praefecto
480 899 655 949 moliebatur.
691 901 733 950 40.
753 900 912 962 Cretenses,

102 963 155 1016 has
166 973 214 1017 aut
225 967 289 1016 illas
298 973 391 1032 partes
403 968 506 1027 secuti,
527 979 601 1016 nunc
613 967 826 1032 Spartanorum,
840 983 912 1018 nunc

100 1033 293 1084 Macedonum
310 1033 458 1098 praesidiis
480 1034 693 1100 occupabantur,
730 1035 786 1088 Sed
805 1035 914 1085 leviora

101 1099 258 1151 interillos
268 1098 349 1150 luere
360 1100 532 1164 discrimina;
552 1117 635 1152 unum
646 1109 795 1165 certamen,
811 1117 912 1169 exque

100 1174 205 1218 cetera
215 1167 380 1232 pendebant,
392 1169 516 1219 intuente
527 1167 646 1220 fortuna.

158 1235 192 1284 ll.
207 1234 263 1284 lam
273 1241 334 1286 tota
344 1235 434 1301 Syria,
445 1235 499 1286 iam
512 1235 653 1301 Phoenice
665 1255 784 1306 quoque,
795 1246 914 1304 excepta

48 1312 53 1322 ’
101 1305 196 1370 Tyro,
217 1303 400 1355 Macedonum
417 1311 507 1367 erant3
528 1303 701 1372 habebatque
717 1322 767 1357 rex
780 1314 873 1358 castra
885 1307 915 1356 in

103 1370 272 1432 continenti,
284 1387 300 1420 a
310 1386 364 1436 quo
378 1371 473 1423 urbem
485 1379 631 1439 angustum
642 1372 743 1425 fretum
755 1375 867 1435 dirimit,
889 1376 913 1424 2.

106 1439 212 1504 Tyrus,
228 1445 257 1489 et
267 1439 394 1496 claritate
408 1445 436 1489 et
450 1441 639 1506 magnitudine
651 1448 714 1492 ante
726 1457 821 1498 omnes
831 1444 915 1495 urbes

105 1506 207 1572 Syriae
221 1504 432 1573 Phoenicesque
447 1508 646 1572 memorabilis,
665 1508 776 1560 facilius
796 1509 915 1560 societa-

103 1581 164 1624 tem
174 1573 324 1624 Alexandri
335 1581 485 1640 acceptura
495 1575 651 1639 videbatur,
665 1593 748 1643 quarn
758 1579 914 1644 imperium.

105 1643 248 1694 Coronam
267 1642 355 1708 igitur
374 1655 486 1691 auream
509 1642 596 1709 legati
621 1644 723 1694 donum
747 1644 915 1705 afferebant3

58 1709 65 1724 ‘
107 1715 337 1775 commeatusque
352 1708 431 1774 large
445 1713 473 1758 et
487 1706 665 1775 hospitaliter
675 1725 709 1760 ex
720 1711 823 1776 oppido
835 1711 917 1760 adve-

106 1782 216 1828 xerant.
253 1777 278 1826 3.
296 1775 347 1826 llle
360 1775 441 1835 dona,
453 1781 484 1825 ut
494 1775 527 1824 ab
539 1777 644 1836 amicis,
657 1778 745 1842 accipi
755 1777 849 1840 iussit3
869 1776 918 1826 be-

107 1845 249 1912 nigneque
262 1844 373 1911 legatos
385 1842 533 1902 allocutus,
539 1841 666 1905 Herculi,
678 1858 758 1909 quem
768 1846 917 1909 praecipue

108 1911 191 1978 Tyrii
209 1912 343 1973 colerent,
364 1909 523 1960 sacrificare
542 1909 615 1960 velle
635 1925 665 1960 se
680 1911 764 1960 dixit:
786 1911 917 1961 Macedo-

107 1994 175 2030 num
185 1993 268 2046 reges
279 1978 408 2040 credere,
426 1976 459 2027 ab
475 1977 526 2027 illo
541 1977 602 2028 Deo
615 1979 692 2046 ipsos
703 1993 790 2046 genus
802 1978 917 2029 ducere:

108 2061 140 2098 se
152 2061 228 2109 vero,
239 2051 270 2097 ut
279 2047 308 2097 id
319 2046 435 2106 laceret,
447 2045 529 2096 etiam
542 2048 656 2096 oraculo
667 2047 810 2097 monitum.
830 2047 854 2095 l.
865 2046 918 2095 Le-

108 2114 169 2196 gati
179 2114 357 2180 respondent,
369 2129 431 2164 esse
442 2113 574 2179 templum
581 2113 713 2166 Herculis
723 2120 803 2164 extra
812 2113 917 2175 urbem,

107 2197 137 2232 ιιι
149 2197 183 2232 ea
193 2182 274 2244 sede,
290 2197 371 2248 quam
385 2181 553 2247 Palaetyron
568 2183 622 2248 ipsi
636 2189 752 2233 vocent:
771 2181 810 2232 ibi
824 2196 918 2248 regem

107 2249 172 2300 Deo
184 2264 295 2300 sacrum
306 2249 358 2300 rite
369 2248 515 2298 iacturum,
552 2248 576 2298 5.
597 2248 660 2300 Non
673 2250 764 2300 tenuit
778 2253 845 2300 iram
856 2251 918 2300 Ale-

108 2318 224 2378 xander,
245 2318 324 2368 cuius
338 2316 443 2381 alioqui
456 2323 556 2380 potens
569 2332 625 2366 non
642 2322 710 2366 erat.
748 2316 853 2383 ltaque,
873 2333 918 2368 cos

110 2382 224 2450 quidem,
234 2385 338 2451 inquit,
343 2382 449 2450 fiducia
460 2382 512 2433 toci
517 2419 524 2443 ,
538 2384 608 2448 quod
616 2383 729 2434 insulam
738 2382 861 2446 incolitis,
870 2401 916 2453 pe-

108 2451 223 2502 destrem
237 2451 307 2502 hune
321 2450 464 2503 exereitum
478 2449 616 2516 spernitis:
630 2451 677 2501 sed
690 2450 764 2502 brevi
772 2455 917 2514 ostendum,

107 2518 138 2568 in
149 2518 298 2579 coccineae·
307 2535 353 2569 coe
363 2534 425 2570 etse.
462 2516 580 2569 Proinde
589 2517 679 2568 sciatis
689 2519 757 2582 lieet,
773 2529 822 2572 aut
831 2521 917 2572 intra-

108 2595 200 2636 turum
218 2603 259 2638 me
279 2586 377 2648 urbem,
398 2595 446 2637 out
464 2593 689 2652 oppugnaturum.
725 2586 750 2638 c.
775 2590 843 2638 Cum
864 2587 918 2637 hoc

109 2669 246 2722 responso
255 2654 388 2706 dimissos
399 2668 512 2704 monere
523 2653 769 2722 amicicoeperunt,
776 2663 807 2707 ut
813 2669 917 2721 regem,

108 2738 192 2789 quem
203 2723 299 2790 syna,
318 2737 398 2789 quem
409 2720 551 2772 Phoenice
561 2723 726 2794 recepisset,
742 2725 796 2790 ipsi
808 2737 918 2788 quoquc
