2048 3034
138 212 187 263 186
356 211 527 273 QUiNTI
555 210 720 264 cuka'n

137 327 247 382 quoque
259 328 368 366 currum
379 329 457 366 suurn
468 314 496 364 in
506 313 602 380 fugam
620 313 712 364 vertit.
746 312 892 364 Haerebat
910 312 942 363 in

137 384 225 450 tergis
243 380 272 431 iu
295 383 408 432 'entium
421 383 525 435 uictor:
544 380 594 431 sed
604 385 782 447 prospectum
793 379 942 432 oculorum

137 451 224 500 nubes
245 464 281 514 pu
294 450 376 512 veris,
397 463 466 516 quae
477 448 512 499 ad
526 447 636 499 coelum
646 446 797 510 ferebatur,
817 447 942 500 abstule-

137 522 191 568 rat:
228 516 269 567 33.
289 531 357 584 ergo
378 513 451 566 haud
470 530 561 578 secus,
581 531 663 581 quam
673 515 845 577 intenebris,
866 529 943 568 erra-

137 583 218 647 bant3
238 584 273 635 ad
283 599 380 635 sonum
390 583 474 640 notae
485 583 572 645 vocis,
582 587 613 634 ut
623 581 865 649 signum,subinde
876 587 942 635 coc·-

137 657 227 702 uutes.
262 649 489 716 Exaudiebantur
505 655 598 701 tamen
617 651 748 717 strepitus
759 647 941 714 habenarum,

138 719 237 787 quibus
249 721 314 786 equi
324 734 433 769 currum
444 716 586 768 trahentes
596 717 748 768 identidem
755 714 940 768 verberaban-

137 794 191 838 tur.
227 786 307 836 Haeo
317 787 379 837 sola
389 784 524 852 fugientis
536 785 656 853 vestigia
667 791 785 850 excepta
795 790 869 834 sunt.

188 853 262 904 XVI.
283 855 318 904 At
327 854 356 904 in
365 853 445 904 laevo
459 852 643 903 Macedonum
661 866 756 913 cornu,
777 853 853 918 quod
873 851 941 904 Par·-

139 923 241 982 menio,
268 922 341 972 sicut
360 927 423 970 ante
444 919 610 980 dictumest,
629 919 768 980 tuebatur,
787 919 873 986 longe
884 921 942 971 alia
1015 947 1022 989 ς

139 990 252 1040 fortuna
262 989 406 1054 utriusque
417 989 503 1052 partis
513 1001 558 1037 res
569 985 728 1053 gerebatur.
756 987 780 1036 2.
794 986 940 1050 Mazaeus,

139 1072 201 1108 cum
212 1054 286 1106 omni
296 1068 409 1105 suorum
420 1056 546 1120 equitatu
554 1053 734 1104 vehementer
742 1055 880 1116 invectus,
896 1071 941 1106 ur·
1018 1082 1022 1095 ·

140 1125 223 1190 gebat
232 1121 417 1172 Macedonum
427 1121 496 1172 alas.
509 1121 620 1187 lamque
632 1121 773 1171 abundans
786 1120 941 1174 multitudi-

65 1233 66 1238 ,
138 1205 172 1240 ne
182 1191 270 1240 aciem
281 1185 450 1240 circumvehi
460 1194 604 1254 coeperam
615 1204 696 1256 quum
705 1188 853 1238 Parmenio
867 1191 944 1257 equi-

140 1264 182 1307 tes
195 1257 322 1306 nuntiare
332 1255 409 1306 iubet
419 1255 586 1318 Alexandro,
606 1256 635 1305 in
649 1271 703 1322 quo
715 1255 877 1307 discrimine
888 1259 941 1323 ipsi

140 1327 248 1385 essent3
269 1324 324 1373 nisi
333 1329 439 1372 mature
450 1322 652 1385 subveniretur,
666 1339 721 1373 non
732 1338 816 1389 posse
828 1325 893 1376 sisti
903 1323 943 1375 fu·

140 1405 213 1456 gam.
251 1389 275 1440 3.
294 1389 350 1440 iam
364 1389 479 1440 muitum
498 1393 559 1439 viae
579 1397 757 1456 processerat
775 1405 835 1452 rex,
854 1395 944 1443 imam-

140 1473 208 1508 nens
229 1455 394 1526 fugientium
412 1459 510 1525 tergis,
530 1473 612 1524 quum
628 1457 842 1510 aParmenione
852 1462 943 1511 tristis

140 1524 346 1576 nuntiosvenit
382 1523 535 1576 Refrenare
549 1539 636 1592 equos
646 1526 726 1586 iussi,
746 1526 793 1593 qui
802 1524 943 1580 veheban-

140 1599 195 1654 tur,
212 1607 365 1659 agmenque
381 1593 520 1657 constitit3
540 1591 685 1644 frendente
697 1593 944 1662 Alexandro,eripi

139 1660 193 1712 sibi
206 1660 350 1711 victoriam
361 1661 522 1721 anconibus,
545 1670 573 1713 et
583 1660 698 1710 Darium
710 1659 822 1711 felicius
833 1661 944 1731 fugere,

140 1743 222 1796 quam
234 1729 314 1795 sequi
324 1743 363 1779 se.
392 1728 415 1778 d.
437 1727 549 1779 lnterim
561 1728 596 1778 ad
605 1728 751 1778 Mazaeum
762 1733 891 1794 superati
902 1747 943 1783 re-

139 1799 183 1864 gis
204 1794 280 1846 fauna
298 1801 472 1862 pervenerat
508 1795 617 1862 ltaque,
637 1809 801 1862 quamquam
820 1797 944 1850 validior

140 1870 210 1926 erat,
229 1861 342 1914 fortuna
353 1871 445 1916 tamen
456 1865 574 1930 partium
585 1863 708 1924 territus,
729 1862 868 1929 perculsis
886 1866 944 1916 lan-

139 1931 251 1999 guidius
271 1931 402 1984 instabat.
439 1931 586 1982 Parmenio
596 1930 744 1996 ignorabat
755 1930 868 1997 quidem
880 1949 944 1984 cau-

139 2014 197 2050 sam
208 2013 259 2049 sus
269 2005 368 2064 sponte
378 2013 486 2064 pugnae
498 1998 645 2060 remissae3
660 1998 710 2048 sed
723 1999 875 2050 occasione
885 2005 944 2052 vin-

140 2066 221 2117 cendi
233 2071 344 2116 strenue
355 2072 399 2115 est
408 2081 482 2116 usus.
518 2064 670 2116 Thessalos
683 2067 789 2133 equites
805 2066 842 2116 ad
853 2082 885 2118 se
896 2083 944 2117 vo-

139 2134 197 2184 cari
206 2133 292 2184 iubet.
329 2131 354 2183 b.
373 2131 488 2200 Ecquid,
500 2133 599 2200 inquit,
609 2133 702 2184 videtis
712 2133 786 2194 istos,
808 2133 943 2202 quifero-

139 2201 207 2252 citer
225 2201 303 2251 modo
321 2199 467 2262 instabant,
485 2201 579 2267 pedem
597 2200 714 2270 referre,
733 2199 819 2250 subito
836 2217 944 2280 pavore

137 2264 312 2334 perterritos?
334 2265 466 2318 Nimirum
476 2267 551 2318 nobis
562 2284 665 2335 quoque
674 2266 745 2336 regia
755 2267 944 2339 nostnfcrrn-

139 2334 275 2386 occinuit.
313 2331 411 2386 Omnia
421 2333 565 2386 Persarum
578 2330 831 2386 coedertratas‘unt.
870 2334 946 2399 Quid

140 2401 265 2452 cessatis?
282 2419 318 2453 an
328 2419 359 2452 ne
364 2402 537 2470 fugientibus
549 2403 653 2470 quidem
658 2418 739 2469 pares
750 2401 828 2453 estid
850 2401 866 2452 6
891 2403 945 2454 Ve-

139 2482 170 2516 ra
181 2467 274 2521 dicere
284 2470 439 2532 videbatur,
460 2477 488 2521 et
499 2485 561 2537 spes
572 2469 737 2538 languentes
748 2485 860 2537 quoque
882 2487 945 2522 ere-

137 2540 226 2586 xerat.
263 2535 388 2587 Subditis
401 2537 700 2602 calcaribusproruere
720 2539 748 2588 in
768 2535 892 2588 hostem:
915 2546 946 2588 et

137 2601 180 2652 iili
190 2602 246 2652 iam
256 2617 311 2652 non
322 2606 433 2666 sensim,
440 2605 489 2655 sed
501 2606 587 2656 citato
593 2606 681 2670 gradu
691 2605 874 2666 recedebant3
889 2621 945 2657 nec

138 2669 286 2736 quidquam
297 2668 390 2736 fugae,
411 2673 464 2722 nisi
476 2672 550 2738 quod
560 2676 640 2738 terga
654 2674 774 2724 nondum
784 2679 944 2736 verterant,

138 2735 243 2787 deerat.
261 2737 278 2784 ¹1
288 2735 444 2788 ,Parmenio
456 2739 676 2806 tamen,ignarus
686 2753 820 2808 quaenam
832 2741 860 2792 in
872 2741 931 2792 dex
