<?xml version="1.0" encoding="UTF-8"?>
<!DOCTYPE html PUBLIC "-//W3C//DTD XHTML 1.0 Transitional//EN"
    "http://www.w3.org/TR/xhtml1/DTD/xhtml1-transitional.dtd">
<html xmlns="http://www.w3.org/1999/xhtml" xml:lang="en" lang="en">
 <head>
  <title>
</title>
<meta http-equiv="Content-Type" content="text/html;charset=utf-8" />
  <meta name='ocr-system' content='tesseract 3.04.00' />
  <meta name='ocr-capabilities' content='ocr_page ocr_carea ocr_par ocr_line ocrx_word'/>
</head>
<body>
  <div class='ocr_page' id='page_1' title='image "./qcurtiirufidere00johagoog_0157.png"; bbox 0 0 2054 3030; ppageno 0'>
   <div class='ocr_carea' id='block_1_1' title="bbox 337 173 939 256">
    <p class='ocr_par' dir='ltr' id='par_1_1' title="bbox 337 173 939 256">
     <span class='ocr_line' id='line_1_1' title="bbox 337 173 939 256; baseline 0 -4"><span class='ocrx_word' id='word_1_1' title='bbox 337 202 482 254; x_wconf 75' lang='lat' dir='ltr'><strong>meua</strong></span> <span class='ocrx_word' id='word_1_2' title='bbox 508 203 554 254; x_wconf 82' lang='grc' dir='ltr'><strong>ιν.</strong></span> <span class='ocrx_word' id='word_1_3' title='bbox 583 203 721 256; x_wconf 72' lang='lat' dir='ltr'><strong>caea.</strong></span> <span class='ocrx_word' id='word_1_4' title='bbox 785 173 787 178; x_wconf 71' lang='grc'><strong>’</strong></span> <span class='ocrx_word' id='word_1_5' title='bbox 890 204 939 253; x_wconf 76' lang='lat'><strong>145</strong></span> 
     </span>
    </p>
   </div>
   <div class='ocr_carea' id='block_1_2' title="bbox 126 304 941 574">
    <p class='ocr_par' dir='ltr' id='par_1_2' title="bbox 126 304 941 574">
     <span class='ocr_line' id='line_1_2' title="bbox 127 304 941 370; baseline -0.005 -12"><span class='ocrx_word' id='word_1_6' title='bbox 127 311 240 366; x_wconf 79' lang='lat' dir='ltr'><strong>turrea,</strong></span> <span class='ocrx_word' id='word_1_7' title='bbox 265 306 314 356; x_wconf 81' lang='lat' dir='ltr'><strong>sed</strong></span> <span class='ocrx_word' id='word_1_8' title='bbox 337 306 421 358; x_wconf 87' lang='lat' dir='ltr'><strong>etiam</strong></span> <span class='ocrx_word' id='word_1_9' title='bbox 451 320 557 354; x_wconf 84' lang='lat' dir='ltr'><strong>summa</strong></span> <span class='ocrx_word' id='word_1_10' title='bbox 581 304 718 367; x_wconf 83' lang='lat' dir='ltr'><strong>tabulata,</strong></span> <span class='ocrx_word' id='word_1_11' title='bbox 753 313 941 370; x_wconf 78' lang='lat' dir='ltr'>conceperant</span> 
     </span>
     <span class='ocr_line' id='line_1_3' title="bbox 126 371 940 440; baseline -0.005 -16"><span class='ocrx_word' id='word_1_12' title='bbox 126 373 238 440; x_wconf 82' lang='lat' dir='ltr'><strong>ignem:</strong></span> <span class='ocrx_word' id='word_1_13' title='bbox 257 387 339 438; x_wconf 89' lang='lat' dir='ltr'><strong>quum</strong></span> <span class='ocrx_word' id='word_1_14' title='bbox 349 374 380 435; x_wconf 90' lang='lat' dir='ltr'><strong>ii,</strong></span> <span class='ocrx_word' id='word_1_15' title='bbox 396 373 481 439; x_wconf 89' lang='lat' dir='ltr'><strong>quiin</strong></span> <span class='ocrx_word' id='word_1_16' title='bbox 493 373 615 424; x_wconf 84' lang='lat' dir='ltr'><strong>turribus</strong></span> <span class='ocrx_word' id='word_1_17' title='bbox 628 379 720 434; x_wconf 85' lang='lat' dir='ltr'><strong>erant,</strong></span> <span class='ocrx_word' id='word_1_18' title='bbox 736 375 836 438; x_wconf 91' lang='lat' dir='ltr'><strong>partim</strong></span> <span class='ocrx_word' id='word_1_19' title='bbox 848 371 940 422; x_wconf 81' lang='lat' dir='ltr'><strong>hauri-</strong></span> 
     </span>
     <span class='ocr_line' id='line_1_4' title="bbox 131 438 940 506; baseline -0.002 -16"><span class='ocrx_word' id='word_1_20' title='bbox 131 447 231 492; x_wconf 79' lang='lat' dir='ltr'><strong>rentur</strong></span> <span class='ocrx_word' id='word_1_21' title='bbox 245 438 384 502; x_wconf 84' lang='lat' dir='ltr'><strong>incendio,</strong></span> <span class='ocrx_word' id='word_1_22' title='bbox 397 441 507 506; x_wconf 88' lang='lat' dir='ltr'><strong>partim,</strong></span> <span class='ocrx_word' id='word_1_23' title='bbox 523 440 609 490; x_wconf 87' lang='lat' dir='ltr'><strong>armis</strong></span> <span class='ocrx_word' id='word_1_24' title='bbox 626 439 746 501; x_wconf 69' lang='lat' dir='ltr'><strong>enclesis,</strong></span> <span class='ocrx_word' id='word_1_25' title='bbox 767 442 795 490; x_wconf 90' lang='lat' dir='ltr'><strong>in</strong></span> <span class='ocrx_word' id='word_1_26' title='bbox 809 455 885 490; x_wconf 88' lang='lat' dir='ltr'><strong>mare</strong></span> <span class='ocrx_word' id='word_1_27' title='bbox 897 453 940 490; x_wconf 83' lang='lat' dir='ltr'><strong>se-</strong></span> 
     </span>
     <span class='ocr_line' id='line_1_5' title="bbox 132 506 941 574; baseline -0.002 -16"><span class='ocrx_word' id='word_1_28' title='bbox 132 513 192 558; x_wconf 90' lang='lat' dir='ltr'><strong>met</strong></span> <span class='ocrx_word' id='word_1_29' title='bbox 207 507 261 574; x_wconf 79' lang='lat' dir='ltr'><strong>ipsi</strong></span> <span class='ocrx_word' id='word_1_30' title='bbox 274 507 466 558; x_wconf 78' lang='lat' dir='ltr'><strong>immitterent.</strong></span> <span class='ocrx_word' id='word_1_31' title='bbox 501 507 526 556; x_wconf 79' lang='lat'><strong>5.</strong></span> <span class='ocrx_word' id='word_1_32' title='bbox 546 509 580 558; x_wconf 78' lang='lat' dir='ltr'><strong>nt</strong></span> <span class='ocrx_word' id='word_1_33' title='bbox 596 506 690 572; x_wconf 86' lang='lat' dir='ltr'><strong>Tyrii,</strong></span> <span class='ocrx_word' id='word_1_34' title='bbox 712 508 759 572; x_wconf 89' lang='lat' dir='ltr'><strong>qui</strong></span> <span class='ocrx_word' id='word_1_35' title='bbox 773 522 872 574; x_wconf 79' lang='lat' dir='ltr'>capere</span> <span class='ocrx_word' id='word_1_36' title='bbox 889 521 941 558; x_wconf 83' lang='lat' dir='ltr'><strong>eos</strong></span> 
     </span>
    </p>
   </div>
   <div class='ocr_carea' id='block_1_3' title="bbox 130 574 1003 642">
    <p class='ocr_par' dir='ltr' id='par_1_3' title="bbox 130 574 1003 642">
     <span class='ocr_line' id='line_1_6' title="bbox 130 574 1003 642; baseline 0 -18"><span class='ocrx_word' id='word_1_37' title='bbox 130 589 215 642; x_wconf 87' lang='lat' dir='ltr'><strong>quam</strong></span> <span class='ocrx_word' id='word_1_38' title='bbox 225 575 382 625; x_wconf 88' lang='lat' dir='ltr'><strong>interlicere</strong></span> <span class='ocrx_word' id='word_1_39' title='bbox 392 574 515 636; x_wconf 84' lang='lat' dir='ltr'><strong>mallent,</strong></span> <span class='ocrx_word' id='word_1_40' title='bbox 527 576 680 625; x_wconf 83' lang='lat' dir='ltr'><strong>natantium</strong></span> <span class='ocrx_word' id='word_1_41' title='bbox 692 588 787 624; x_wconf 82' lang='lat' dir='ltr'><strong>manua</strong></span> <span class='ocrx_word' id='word_1_42' title='bbox 798 575 940 640; x_wconf 73' lang='lat' dir='ltr'><strong>stipitibus</strong></span> <span class='ocrx_word' id='word_1_43' title='bbox 998 607 1003 616; x_wconf 70' lang='lat'>‹</span> 
     </span>
    </p>
   </div>
   <div class='ocr_carea' id='block_1_4' title="bbox 55 640 943 2857">
    <p class='ocr_par' dir='ltr' id='par_1_4' title="bbox 55 640 943 2857">
     <span class='ocr_line' id='line_1_7' title="bbox 129 640 941 708; baseline -0.002 -14"><span class='ocrx_word' id='word_1_44' title='bbox 129 642 263 708; x_wconf 77' lang='lat' dir='ltr'><strong>saxisque</strong></span> <span class='ocrx_word' id='word_1_45' title='bbox 280 643 450 704; x_wconf 69' lang='lat' dir='ltr'><strong>lacerabant</strong></span> <span class='ocrx_word' id='word_1_46' title='bbox 466 641 556 694; x_wconf 85' lang='lat' dir='ltr'><strong>denec</strong></span> <span class='ocrx_word' id='word_1_47' title='bbox 572 641 722 702; x_wconf 87' lang='lat' dir='ltr'><strong>debilitati,</strong></span> <span class='ocrx_word' id='word_1_48' title='bbox 740 640 849 706; x_wconf 92' lang='lat' dir='ltr'><strong>impune</strong></span> <span class='ocrx_word' id='word_1_49' title='bbox 866 643 941 692; x_wconf 83' lang='lat' dir='ltr'><strong>navi·</strong></span> 
     </span>
     <span class='ocr_line' id='line_1_8' title="bbox 131 707 942 776; baseline -0.001 -17"><span class='ocrx_word' id='word_1_50' title='bbox 131 709 188 776; x_wconf 82' lang='lat' dir='ltr'><strong>giis</strong></span> <span class='ocrx_word' id='word_1_51' title='bbox 205 710 295 776; x_wconf 85' lang='lat' dir='ltr'>excipi</span> <span class='ocrx_word' id='word_1_52' title='bbox 314 716 439 776; x_wconf 87' lang='lat' dir='ltr'><strong>possent.</strong></span> <span class='ocrx_word' id='word_1_53' title='bbox 477 708 501 758; x_wconf 80' lang='lat' dir='ltr'><strong>e.</strong></span> <span class='ocrx_word' id='word_1_54' title='bbox 520 708 580 761; x_wconf 91' lang='lat' dir='ltr'><strong>Nec</strong></span> <span class='ocrx_word' id='word_1_55' title='bbox 595 707 727 758; x_wconf 84' lang='lat' dir='ltr'><strong>incendic</strong></span> <span class='ocrx_word' id='word_1_56' title='bbox 745 709 834 758; x_wconf 86' lang='lat' dir='ltr'><strong>solum</strong></span> <span class='ocrx_word' id='word_1_57' title='bbox 856 723 942 774; x_wconf 89' lang='lat' dir='ltr'><strong>opera</strong></span> 
     </span>
     <span class='ocr_line' id='line_1_9' title="bbox 126 772 941 843; baseline -0.001 -16"><span class='ocrx_word' id='word_1_58' title='bbox 126 785 310 843; x_wconf 80' lang='lat' dir='ltr'><strong>consumpta3</strong></span> <span class='ocrx_word' id='word_1_59' title='bbox 326 777 376 828; x_wconf 75' lang='lat' dir='ltr'><strong>sed</strong></span> <span class='ocrx_word' id='word_1_60' title='bbox 387 776 462 827; x_wconf 81' lang='lat' dir='ltr'><strong>sorte</strong></span> <span class='ocrx_word' id='word_1_61' title='bbox 474 775 574 826; x_wconf 90' lang='lat' dir='ltr'><strong>eodem</strong></span> <span class='ocrx_word' id='word_1_62' title='bbox 584 775 630 825; x_wconf 90' lang='lat' dir='ltr'><strong>die</strong></span> <span class='ocrx_word' id='word_1_63' title='bbox 643 772 833 825; x_wconf 85' lang='lat' dir='ltr'><strong>vehementior</strong></span> <span class='ocrx_word' id='word_1_64' title='bbox 843 783 941 826; x_wconf 78' lang='lat' dir='ltr'><strong>ventur</strong></span> 
     </span>
     <span class='ocr_line' id='line_1_10' title="bbox 131 841 941 910; baseline -0.001 -16"><span class='ocrx_word' id='word_1_65' title='bbox 131 852 236 898; x_wconf 88' lang='lat' dir='ltr'><strong>motum</strong></span> <span class='ocrx_word' id='word_1_66' title='bbox 247 859 282 896; x_wconf 85' lang='lat' dir='ltr'><strong>ex</strong></span> <span class='ocrx_word' id='word_1_67' title='bbox 292 843 432 910; x_wconf 73' lang='lat' dir='ltr'><strong>profundo</strong></span> <span class='ocrx_word' id='word_1_68' title='bbox 441 857 517 892; x_wconf 87' lang='lat' dir='ltr'><strong>mare</strong></span> <span class='ocrx_word' id='word_1_69' title='bbox 528 843 610 894; x_wconf 78' lang='lat' dir='ltr'><strong>illisit</strong></span> <span class='ocrx_word' id='word_1_70' title='bbox 619 843 648 891; x_wconf 93' lang='lat' dir='ltr'><strong>in</strong></span> <span class='ocrx_word' id='word_1_71' title='bbox 658 841 769 903; x_wconf 88' lang='lat' dir='ltr'><strong>molem,</strong></span> <span class='ocrx_word' id='word_1_72' title='bbox 781 841 941 908; x_wconf 73' lang='lat' dir='ltr'>crebrisque</span> 
     </span>
     <span class='ocr_line' id='line_1_11' title="bbox 132 909 942 977; baseline -0.002 -15"><span class='ocrx_word' id='word_1_73' title='bbox 132 911 262 962; x_wconf 82' lang='lat' dir='ltr'><strong>fluctibus</strong></span> <span class='ocrx_word' id='word_1_74' title='bbox 280 927 342 964; x_wconf 81' lang='lat' dir='ltr'><strong>cem</strong></span> <span class='ocrx_word' id='word_1_75' title='bbox 362 925 431 977; x_wconf 81' lang='lat' dir='ltr'><strong>agee</strong></span> <span class='ocrx_word' id='word_1_76' title='bbox 455 912 549 976; x_wconf 81' lang='lat' dir='ltr'><strong>operis</strong></span> <span class='ocrx_word' id='word_1_77' title='bbox 564 909 728 960; x_wconf 74' lang='lat' dir='ltr'>verberatae</span> <span class='ocrx_word' id='word_1_78' title='bbox 749 923 780 959; x_wconf 81' lang='lat' dir='ltr'><strong>ne</strong></span> <span class='ocrx_word' id='word_1_79' title='bbox 800 909 942 971; x_wconf 82' lang='lat' dir='ltr'><strong>laxavere,</strong></span> 
     </span>
     <span class='ocr_line' id='line_1_12' title="bbox 127 926 943 1044; baseline -0.004 -15"><span class='ocrx_word' id='word_1_80' title='bbox 127 994 255 1044; x_wconf 77' lang='lat' dir='ltr'><strong>saraque</strong></span> <span class='ocrx_word' id='word_1_81' title='bbox 266 926 430 1032; x_wconf 45' lang='lat' dir='ltr'><strong>interfluens</strong></span> <span class='ocrx_word' id='word_1_82' title='bbox 441 978 515 1028; x_wconf 86' lang='lat' dir='ltr'><strong>unda</strong></span> <span class='ocrx_word' id='word_1_83' title='bbox 524 977 645 1028; x_wconf 85' lang='lat' dir='ltr'><strong>medium</strong></span> <span class='ocrx_word' id='word_1_84' title='bbox 654 992 723 1042; x_wconf 82' lang='lat' dir='ltr'><strong>epus</strong></span> <span class='ocrx_word' id='word_1_85' title='bbox 733 977 818 1042; x_wconf 90' lang='lat' dir='ltr'><strong>rupit.</strong></span> <span class='ocrx_word' id='word_1_86' title='bbox 837 979 862 1027; x_wconf 87' lang='lat'><strong>7.</strong></span> <span class='ocrx_word' id='word_1_87' title='bbox 875 977 943 1027; x_wconf 87' lang='lat' dir='ltr'><strong>Pro·</strong></span> 
     </span>
     <span class='ocr_line' id='line_1_13' title="bbox 124 1045 943 1112; baseline -0.005 -14"><span class='ocrx_word' id='word_1_88' title='bbox 124 1047 202 1099; x_wconf 76' lang='lat' dir='ltr'><strong>rutis</strong></span> <span class='ocrx_word' id='word_1_89' title='bbox 212 1045 300 1112; x_wconf 84' lang='lat' dir='ltr'><strong>igitur</strong></span> <span class='ocrx_word' id='word_1_90' title='bbox 310 1045 432 1112; x_wconf 85' lang='lat' dir='ltr'><strong>lepidum</strong></span> <span class='ocrx_word' id='word_1_91' title='bbox 443 1046 573 1107; x_wconf 85' lang='lat' dir='ltr'><strong>cumulis,</strong></span> <span class='ocrx_word' id='word_1_92' title='bbox 588 1045 688 1112; x_wconf 79' lang='lat' dir='ltr'><strong>quibua</strong></span> <span class='ocrx_word' id='word_1_93' title='bbox 699 1045 803 1096; x_wconf 88' lang='lat' dir='ltr'><strong>iniecta</strong></span> <span class='ocrx_word' id='word_1_94' title='bbox 812 1051 888 1094; x_wconf 86' lang='lat' dir='ltr'><strong>terra</strong></span> <span class='ocrx_word' id='word_1_95' title='bbox 899 1060 943 1094; x_wconf 83' lang='lat' dir='ltr'><strong>su·</strong></span> 
     </span>
     <span class='ocr_line' id='line_1_14' title="bbox 55 1112 942 1181; baseline 0.001 -21"><span class='ocrx_word' id='word_1_96' title='bbox 55 1153 58 1160; x_wconf 81' lang='grc'>,</span> <span class='ocrx_word' id='word_1_97' title='bbox 130 1113 299 1174; x_wconf 81' lang='lat' dir='ltr'><strong>stinebatur‚</strong></span> <span class='ocrx_word' id='word_1_98' title='bbox 321 1127 453 1180; x_wconf 77' lang='lat' dir='ltr'><strong>praeceps</strong></span> <span class='ocrx_word' id='word_1_99' title='bbox 472 1114 500 1165; x_wconf 91' lang='lat' dir='ltr'><strong>in</strong></span> <span class='ocrx_word' id='word_1_100' title='bbox 520 1112 687 1181; x_wconf 82' lang='lat' dir='ltr'><strong>profundum</strong></span> <span class='ocrx_word' id='word_1_101' title='bbox 701 1113 770 1175; x_wconf 82' lang='lat' dir='ltr'><strong>ruit3</strong></span> <span class='ocrx_word' id='word_1_102' title='bbox 791 1117 942 1177; x_wconf 77' lang='lat' dir='ltr'><strong>tantaeque</strong></span> 
     </span>
     <span class='ocr_line' id='line_1_15' title="bbox 128 1177 943 1248; baseline -0.004 -17"><span class='ocrx_word' id='word_1_103' title='bbox 128 1179 217 1231; x_wconf 80' lang='lat' dir='ltr'><strong>molis</strong></span> <span class='ocrx_word' id='word_1_104' title='bbox 237 1179 284 1230; x_wconf 82' lang='lat' dir='ltr'><strong>rix</strong></span> <span class='ocrx_word' id='word_1_105' title='bbox 304 1181 361 1230; x_wconf 91' lang='lat' dir='ltr'><strong>ulla</strong></span> <span class='ocrx_word' id='word_1_106' title='bbox 375 1181 495 1248; x_wconf 79' lang='lat' dir='ltr'><strong>vestigia</strong></span> <span class='ocrx_word' id='word_1_107' title='bbox 508 1181 615 1231; x_wconf 86' lang='lat' dir='ltr'><strong>invenit</strong></span> <span class='ocrx_word' id='word_1_108' title='bbox 634 1177 697 1248; x_wconf 84' lang='lat' dir='ltr'><strong>[ab]</strong></span> <span class='ocrx_word' id='word_1_109' title='bbox 711 1179 814 1231; x_wconf 87' lang='lat' dir='ltr'><strong>Arabia</strong></span> <span class='ocrx_word' id='word_1_110' title='bbox 829 1181 943 1231; x_wconf 70' lang='lat' dir='ltr'><strong>rediens</strong></span> 
     </span>
     <span class='ocr_line' id='line_1_16' title="bbox 128 1247 941 1316; baseline -0.004 -16"><span class='ocrx_word' id='word_1_111' title='bbox 128 1247 299 1300; x_wconf 74' lang='lat' dir='ltr'><strong>Alexander.</strong></span> <span class='ocrx_word' id='word_1_112' title='bbox 325 1248 390 1310; x_wconf 88' lang='lat' dir='ltr'><strong>Hic,</strong></span> <span class='ocrx_word' id='word_1_113' title='bbox 403 1248 491 1316; x_wconf 86' lang='lat' dir='ltr'><strong>(quod</strong></span> <span class='ocrx_word' id='word_1_114' title='bbox 502 1249 530 1299; x_wconf 91' lang='lat' dir='ltr'><strong>in</strong></span> <span class='ocrx_word' id='word_1_115' title='bbox 540 1249 666 1299; x_wconf 81' lang='lat' dir='ltr'><strong>adversis</strong></span> <span class='ocrx_word' id='word_1_116' title='bbox 676 1247 759 1298; x_wconf 84' lang='lat' dir='ltr'><strong>rebus</strong></span> <span class='ocrx_word' id='word_1_117' title='bbox 771 1247 846 1298; x_wconf 81' lang='lat' dir='ltr'><strong>solet</strong></span> <span class='ocrx_word' id='word_1_118' title='bbox 856 1247 941 1308; x_wconf 60' lang='lat' dir='ltr'><strong>lieri)</strong></span> 
     </span>
     <span class='ocr_line' id='line_1_17' title="bbox 126 1315 942 1383; baseline -0.001 -17"><span class='ocrx_word' id='word_1_119' title='bbox 126 1315 204 1366; x_wconf 75' lang='lat' dir='ltr'><strong>alius</strong></span> <span class='ocrx_word' id='word_1_120' title='bbox 220 1315 247 1366; x_wconf 89' lang='lat' dir='ltr'><strong>in</strong></span> <span class='ocrx_word' id='word_1_121' title='bbox 262 1317 346 1367; x_wconf 82' lang='lat' dir='ltr'><strong>ulium</strong></span> <span class='ocrx_word' id='word_1_122' title='bbox 362 1317 469 1383; x_wconf 86' lang='lat' dir='ltr'><strong>culpam</strong></span> <span class='ocrx_word' id='word_1_123' title='bbox 481 1317 631 1378; x_wconf 87' lang='lat' dir='ltr'><strong>referebat,</strong></span> <span class='ocrx_word' id='word_1_124' title='bbox 644 1331 726 1383; x_wconf 89' lang='lat' dir='ltr'><strong>quum</strong></span> <span class='ocrx_word' id='word_1_125' title='bbox 738 1327 833 1366; x_wconf 80' lang='lat' dir='ltr'><strong>omnes</strong></span> <span class='ocrx_word' id='word_1_126' title='bbox 847 1317 942 1366; x_wconf 77' lang='lat' dir='ltr'><strong>verius</strong></span> 
     </span>
     <span class='ocr_line' id='line_1_18' title="bbox 128 1382 941 1452; baseline -0.002 -18"><span class='ocrx_word' id='word_1_127' title='bbox 128 1384 166 1434; x_wconf 85' lang='lat' dir='ltr'><strong>de</strong></span> <span class='ocrx_word' id='word_1_128' title='bbox 177 1383 295 1434; x_wconf 76' lang='lat' dir='ltr'><strong>saevitia</strong></span> <span class='ocrx_word' id='word_1_129' title='bbox 305 1386 389 1436; x_wconf 86' lang='lat' dir='ltr'><strong>maris</strong></span> <span class='ocrx_word' id='word_1_130' title='bbox 401 1386 480 1452; x_wconf 88' lang='lat' dir='ltr'><strong>queri</strong></span> <span class='ocrx_word' id='word_1_131' title='bbox 490 1391 615 1451; x_wconf 75' lang='lat' dir='ltr'><strong>portent.</strong></span> <span class='ocrx_word' id='word_1_132' title='bbox 651 1385 675 1436; x_wconf 91' lang='lat'><strong>8.</strong></span> <span class='ocrx_word' id='word_1_133' title='bbox 695 1385 755 1436; x_wconf 83' lang='lat' dir='ltr'><strong>Rex</strong></span> <span class='ocrx_word' id='word_1_134' title='bbox 768 1384 833 1435; x_wconf 83' lang='lat' dir='ltr'><strong>novi</strong></span> <span class='ocrx_word' id='word_1_135' title='bbox 847 1382 941 1450; x_wconf 73' lang='lat' dir='ltr'><strong>operis</strong></span> 
     </span>
     <span class='ocr_line' id='line_1_19' title="bbox 128 1449 942 1515; baseline -0.002 -13"><span class='ocrx_word' id='word_1_136' title='bbox 128 1451 233 1502; x_wconf 83' lang='lat' dir='ltr'><strong>molem</strong></span> <span class='ocrx_word' id='word_1_137' title='bbox 248 1466 338 1515; x_wconf 76' lang='lat' dir='ltr'><strong>ursus,</strong></span> <span class='ocrx_word' id='word_1_138' title='bbox 357 1453 387 1503; x_wconf 91' lang='lat' dir='ltr'><strong>in</strong></span> <span class='ocrx_word' id='word_1_139' title='bbox 402 1452 549 1504; x_wconf 87' lang='lat' dir='ltr'><strong>adversum</strong></span> <span class='ocrx_word' id='word_1_140' title='bbox 565 1459 678 1504; x_wconf 86' lang='lat' dir='ltr'><strong>ventum</strong></span> <span class='ocrx_word' id='word_1_141' title='bbox 696 1467 751 1502; x_wconf 88' lang='lat' dir='ltr'><strong>non</strong></span> <span class='ocrx_word' id='word_1_142' title='bbox 771 1453 870 1514; x_wconf 85' lang='lat' dir='ltr'><strong>latere,</strong></span> <span class='ocrx_word' id='word_1_143' title='bbox 891 1449 942 1502; x_wconf 82' lang='lat' dir='ltr'><strong>sed</strong></span> 
     </span>
     <span class='ocr_line' id='line_1_20' title="bbox 128 1515 941 1586; baseline -0.004 -16"><span class='ocrx_word' id='word_1_144' title='bbox 128 1524 210 1572; x_wconf 85' lang='lat' dir='ltr'><strong>recte</strong></span> <span class='ocrx_word' id='word_1_145' title='bbox 228 1515 321 1570; x_wconf 81' lang='lat' dir='ltr'><strong>fronte</strong></span> <span class='ocrx_word' id='word_1_146' title='bbox 341 1519 458 1581; x_wconf 78' lang='lat' dir='ltr'><strong>direxit3</strong></span> <span class='ocrx_word' id='word_1_147' title='bbox 479 1521 554 1586; x_wconf 88' lang='lat' dir='ltr'><strong>quod</strong></span> <span class='ocrx_word' id='word_1_148' title='bbox 569 1527 664 1570; x_wconf 88' lang='lat' dir='ltr'><strong>cetera</strong></span> <span class='ocrx_word' id='word_1_149' title='bbox 680 1533 778 1585; x_wconf 87' lang='lat' dir='ltr'><strong>opera,</strong></span> <span class='ocrx_word' id='word_1_150' title='bbox 797 1519 875 1570; x_wconf 82' lang='lat' dir='ltr'><strong>velut</strong></span> <span class='ocrx_word' id='word_1_151' title='bbox 889 1517 941 1569; x_wconf 83' lang='lat' dir='ltr'><strong>sub</strong></span> 
     </span>
     <span class='ocr_line' id='line_1_21' title="bbox 127 1585 942 1654; baseline -0.002 -18"><span class='ocrx_word' id='word_1_152' title='bbox 127 1587 192 1653; x_wconf 86' lang='lat' dir='ltr'><strong>ipsc</strong></span> <span class='ocrx_word' id='word_1_153' title='bbox 208 1585 333 1648; x_wconf 85' lang='lat' dir='ltr'><strong>latentia,</strong></span> <span class='ocrx_word' id='word_1_154' title='bbox 352 1589 495 1639; x_wconf 86' lang='lat' dir='ltr'><strong>tuebatur:</strong></span> <span class='ocrx_word' id='word_1_155' title='bbox 516 1587 690 1639; x_wconf 86' lang='lat' dir='ltr'><strong>latitudinem</strong></span> <span class='ocrx_word' id='word_1_156' title='bbox 710 1601 821 1654; x_wconf 85' lang='lat' dir='ltr'><strong>quoque</strong></span> <span class='ocrx_word' id='word_1_157' title='bbox 843 1585 942 1654; x_wconf 74' lang='lat' dir='ltr'><strong>aggeri</strong></span> 
     </span>
     <span class='ocr_line' id='line_1_22' title="bbox 125 1654 943 1720; baseline -0.004 -16"><span class='ocrx_word' id='word_1_158' title='bbox 125 1654 248 1715; x_wconf 83' lang='lat' dir='ltr'><strong>adiecit,</strong></span> <span class='ocrx_word' id='word_1_159' title='bbox 267 1660 299 1706; x_wconf 86' lang='lat' dir='ltr'><strong>ut</strong></span> <span class='ocrx_word' id='word_1_160' title='bbox 311 1661 404 1705; x_wconf 81' lang='lat' dir='ltr'><strong>turres</strong></span> <span class='ocrx_word' id='word_1_161' title='bbox 417 1657 446 1705; x_wconf 90' lang='lat' dir='ltr'><strong>in</strong></span> <span class='ocrx_word' id='word_1_162' title='bbox 464 1655 558 1705; x_wconf 88' lang='lat' dir='ltr'><strong>medic</strong></span> <span class='ocrx_word' id='word_1_163' title='bbox 572 1661 683 1705; x_wconf 86' lang='lat' dir='ltr'><strong>erectae</strong></span> <span class='ocrx_word' id='word_1_164' title='bbox 694 1655 794 1720; x_wconf 88' lang='lat' dir='ltr'><strong>procul</strong></span> <span class='ocrx_word' id='word_1_165' title='bbox 805 1654 854 1704; x_wconf 87' lang='lat' dir='ltr'><strong>teli</strong></span> <span class='ocrx_word' id='word_1_166' title='bbox 865 1655 943 1703; x_wconf 86' lang='lat' dir='ltr'><strong>iaetu</strong></span> 
     </span>
     <span class='ocr_line' id='line_1_23' title="bbox 126 1719 942 1786; baseline -0.005 -14"><span class='ocrx_word' id='word_1_167' title='bbox 126 1722 271 1773; x_wconf 79' lang='lat' dir='ltr'><strong>abessent.</strong></span> <span class='ocrx_word' id='word_1_168' title='bbox 309 1720 333 1772; x_wconf 77' lang='lat'><strong>⁹.</strong></span> <span class='ocrx_word' id='word_1_169' title='bbox 354 1722 442 1772; x_wconf 83' lang='lat' dir='ltr'><strong>Totas</strong></span> <span class='ocrx_word' id='word_1_170' title='bbox 460 1727 551 1771; x_wconf 86' lang='lat' dir='ltr'><strong>autem</strong></span> <span class='ocrx_word' id='word_1_171' title='bbox 569 1721 684 1770; x_wconf 81' lang='lat' dir='ltr'><strong>arbores</strong></span> <span class='ocrx_word' id='word_1_172' title='bbox 705 1735 766 1770; x_wconf 89' lang='lat' dir='ltr'><strong>cum</strong></span> <span class='ocrx_word' id='word_1_173' title='bbox 779 1719 942 1786; x_wconf 73' lang='lat' dir='ltr'><strong>ingentibus</strong></span> 
     </span>
     <span class='ocr_line' id='line_1_24' title="bbox 128 1785 942 1850; baseline -0.005 -10"><span class='ocrx_word' id='word_1_174' title='bbox 128 1789 215 1840; x_wconf 80' lang='lat' dir='ltr'><strong>remia</strong></span> <span class='ocrx_word' id='word_1_175' title='bbox 229 1789 258 1839; x_wconf 90' lang='lat' dir='ltr'><strong>in</strong></span> <span class='ocrx_word' id='word_1_176' title='bbox 277 1788 364 1840; x_wconf 89' lang='lat' dir='ltr'><strong>altum</strong></span> <span class='ocrx_word' id='word_1_177' title='bbox 383 1787 539 1850; x_wconf 81' lang='lat' dir='ltr'><strong>iaciebant3</strong></span> <span class='ocrx_word' id='word_1_178' title='bbox 559 1786 667 1837; x_wconf 52' lang='lat' dir='ltr'><strong>deinde*</strong></span> <span class='ocrx_word' id='word_1_179' title='bbox 680 1787 756 1836; x_wconf 80' lang='lat' dir='ltr'><strong>saxia</strong></span> <span class='ocrx_word' id='word_1_180' title='bbox 777 1785 942 1849; x_wconf 87' lang='lat' dir='ltr'><strong>onerabant;</strong></span> 
     </span>
     <span class='ocr_line' id='line_1_25' title="bbox 128 1853 943 1916; baseline -0.009 -8"><span class='ocrx_word' id='word_1_181' title='bbox 128 1873 227 1908; x_wconf 77' lang='lat' dir='ltr'><strong>rursus</strong></span> <span class='ocrx_word' id='word_1_182' title='bbox 238 1856 349 1908; x_wconf 85' lang='lat' dir='ltr'><strong>cumulo</strong></span> <span class='ocrx_word' id='word_1_183' title='bbox 361 1869 460 1906; x_wconf 87' lang='lat' dir='ltr'><strong>eorum</strong></span> <span class='ocrx_word' id='word_1_184' title='bbox 472 1854 542 1906; x_wconf 76' lang='lat' dir='ltr'><strong>aliae</strong></span> <span class='ocrx_word' id='word_1_185' title='bbox 557 1853 672 1904; x_wconf 84' lang='lat' dir='ltr'><strong>arbores</strong></span> <span class='ocrx_word' id='word_1_186' title='bbox 687 1853 863 1902; x_wconf 77' lang='lat' dir='ltr'><strong>inliciebantz</strong></span> <span class='ocrx_word' id='word_1_187' title='bbox 884 1859 943 1916; x_wconf 81' lang='lat' dir='ltr'><strong>tum</strong></span> 
     </span>
     <span class='ocr_line' id='line_1_26' title="bbox 129 1920 942 1995; baseline -0.007 -19"><span class='ocrx_word' id='word_1_188' title='bbox 129 1923 230 1976; x_wconf 82' lang='lat' dir='ltr'><strong>humus</strong></span> <span class='ocrx_word' id='word_1_189' title='bbox 247 1923 447 1995; x_wconf 74' lang='lat' dir='ltr'><strong>aggerebatur3</strong></span> <span class='ocrx_word' id='word_1_190' title='bbox 475 1936 614 1989; x_wconf 81' lang='lat' dir='ltr'><strong>superque</strong></span> <span class='ocrx_word' id='word_1_191' title='bbox 638 1920 694 1972; x_wconf 85' lang='lat' dir='ltr'><strong>alia</strong></span> <span class='ocrx_word' id='word_1_192' title='bbox 714 1927 791 1972; x_wconf 86' lang='lat' dir='ltr'><strong>strue</strong></span> <span class='ocrx_word' id='word_1_193' title='bbox 810 1934 942 1970; x_wconf 81' lang='lat' dir='ltr'><strong>saxorum</strong></span> 
     </span>
     <span class='ocr_line' id='line_1_27' title="bbox 129 1987 941 2060; baseline -0.005 -18"><span class='ocrx_word' id='word_1_194' title='bbox 129 1993 318 2060; x_wconf 86' lang='lat' dir='ltr'><strong>arborumque</strong></span> <span class='ocrx_word' id='word_1_195' title='bbox 328 1991 478 2053; x_wconf 85' lang='lat' dir='ltr'><strong>cumulata,</strong></span> <span class='ocrx_word' id='word_1_196' title='bbox 493 1991 571 2041; x_wconf 79' lang='lat' dir='ltr'><strong>velut</strong></span> <span class='ocrx_word' id='word_1_197' title='bbox 581 1990 700 2057; x_wconf 87' lang='lat' dir='ltr'><strong>quodam</strong></span> <span class='ocrx_word' id='word_1_198' title='bbox 710 2003 785 2040; x_wconf 85' lang='lat' dir='ltr'><strong>nexu</strong></span> <span class='ocrx_word' id='word_1_199' title='bbox 794 1987 941 2038; x_wconf 79' lang='lat' dir='ltr'><strong>continens</strong></span> 
     </span>
     <span class='ocr_line' id='line_1_28' title="bbox 126 2055 942 2126; baseline -0.005 -16"><span class='ocrx_word' id='word_1_200' title='bbox 126 2073 202 2126; x_wconf 80' lang='lat' dir='ltr'><strong>opus</strong></span> <span class='ocrx_word' id='word_1_201' title='bbox 215 2059 372 2110; x_wconf 81' lang='lat' dir='ltr'><strong>iunxerant.</strong></span> <span class='ocrx_word' id='word_1_202' title='bbox 408 2057 467 2110; x_wconf 88' lang='lat' dir='ltr'><strong>Nec</strong></span> <span class='ocrx_word' id='word_1_203' title='bbox 482 2058 572 2126; x_wconf 86' lang='lat' dir='ltr'><strong>Tyrii,</strong></span> <span class='ocrx_word' id='word_1_204' title='bbox 589 2056 723 2126; x_wconf 81' lang='lat' dir='ltr'><strong>quidquid</strong></span> <span class='ocrx_word' id='word_1_205' title='bbox 738 2057 773 2108; x_wconf 83' lang='lat' dir='ltr'><strong>ad</strong></span> <span class='ocrx_word' id='word_1_206' title='bbox 788 2055 942 2120; x_wconf 82' lang='lat' dir='ltr'><strong>impedien-</strong></span> 
     </span>
     <span class='ocr_line' id='line_1_29' title="bbox 129 2123 941 2194; baseline -0.006 -16"><span class='ocrx_word' id='word_1_207' title='bbox 129 2127 194 2178; x_wconf 85' lang='lat' dir='ltr'><strong>dam</strong></span> <span class='ocrx_word' id='word_1_208' title='bbox 204 2126 307 2180; x_wconf 87' lang='lat' dir='ltr'><strong>molem</strong></span> <span class='ocrx_word' id='word_1_209' title='bbox 318 2127 475 2194; x_wconf 80' lang='lat' dir='ltr'><strong>excogitari</strong></span> <span class='ocrx_word' id='word_1_210' title='bbox 486 2133 605 2193; x_wconf 79' lang='lat' dir='ltr'><strong>poterut,</strong></span> <span class='ocrx_word' id='word_1_211' title='bbox 617 2127 742 2194; x_wconf 76' lang='lat' dir='ltr'><strong>segniter</strong></span> <span class='ocrx_word' id='word_1_212' title='bbox 751 2123 941 2190; x_wconf 77' lang='lat' dir='ltr'><strong>exsequeban-</strong></span> 
     </span>
     <span class='ocr_line' id='line_1_30' title="bbox 126 2191 941 2261; baseline -0.002 -15"><span class='ocrx_word' id='word_1_213' title='bbox 126 2200 184 2246; x_wconf 85' lang='lat' dir='ltr'><strong>tur.</strong></span> <span class='ocrx_word' id='word_1_214' title='bbox 223 2197 264 2250; x_wconf 81' lang='lat'><strong>10.</strong></span> <span class='ocrx_word' id='word_1_215' title='bbox 283 2195 467 2261; x_wconf 79' lang='lat' dir='ltr'><strong>Praecipuum</strong></span> <span class='ocrx_word' id='word_1_216' title='bbox 481 2195 617 2246; x_wconf 84' lang='lat' dir='ltr'><strong>auxilium</strong></span> <span class='ocrx_word' id='word_1_217' title='bbox 635 2200 703 2254; x_wconf 85' lang='lat' dir='ltr'><strong>erat,</strong></span> <span class='ocrx_word' id='word_1_218' title='bbox 721 2193 768 2260; x_wconf 91' lang='lat' dir='ltr'><strong>qui</strong></span> <span class='ocrx_word' id='word_1_219' title='bbox 781 2191 941 2258; x_wconf 89' lang='lat' dir='ltr'><strong>proculho·</strong></span> 
     </span>
     <span class='ocr_line' id='line_1_31' title="bbox 128 2259 942 2329; baseline -0.002 -15"><span class='ocrx_word' id='word_1_220' title='bbox 128 2264 214 2314; x_wconf 73' lang='lat' dir='ltr'><strong>stium</strong></span> <span class='ocrx_word' id='word_1_221' title='bbox 231 2269 384 2329; x_wconf 77' lang='lat' dir='ltr'><strong>conspectu</strong></span> <span class='ocrx_word' id='word_1_222' title='bbox 401 2261 532 2313; x_wconf 76' lang='lat' dir='ltr'><strong>subibant</strong></span> <span class='ocrx_word' id='word_1_223' title='bbox 546 2278 655 2329; x_wconf 89' lang='lat' dir='ltr'><strong>aquam,</strong></span> <span class='ocrx_word' id='word_1_224' title='bbox 678 2259 846 2325; x_wconf 87' lang='lat' dir='ltr'><strong>occultoque</strong></span> <span class='ocrx_word' id='word_1_225' title='bbox 861 2260 942 2328; x_wconf 81' lang='lat' dir='ltr'><strong>lapeu</strong></span> 
     </span>
     <span class='ocr_line' id='line_1_32' title="bbox 123 2327 941 2397; baseline -0.001 -16"><span class='ocrx_word' id='word_1_226' title='bbox 123 2330 168 2381; x_wconf 80' lang='lat' dir='ltr'><strong>ad</strong></span> <span class='ocrx_word' id='word_1_227' title='bbox 177 2330 280 2381; x_wconf 88' lang='lat' dir='ltr'><strong>molem</strong></span> <span class='ocrx_word' id='word_1_228' title='bbox 289 2343 378 2397; x_wconf 77' lang='lat' dir='ltr'><strong>usque</strong></span> <span class='ocrx_word' id='word_1_229' title='bbox 389 2329 580 2396; x_wconf 72' lang='lat' dir='ltr'><strong>penetrabant,</strong></span> <span class='ocrx_word' id='word_1_230' title='bbox 590 2328 710 2380; x_wconf 78' lang='lat' dir='ltr'><strong>falcibus</strong></span> <span class='ocrx_word' id='word_1_231' title='bbox 720 2327 849 2394; x_wconf 75' lang='lat' dir='ltr'><strong>palmites</strong></span> <span class='ocrx_word' id='word_1_232' title='bbox 859 2329 941 2380; x_wconf 85' lang='lat' dir='ltr'><strong>arbo·</strong></span> 
     </span>
     <span class='ocr_line' id='line_1_33' title="bbox 127 2394 940 2462; baseline -0.006 -11"><span class='ocrx_word' id='word_1_233' title='bbox 127 2412 191 2451; x_wconf 77' lang='lat' dir='ltr'><strong>rum</strong></span> <span class='ocrx_word' id='word_1_234' title='bbox 202 2397 382 2450; x_wconf 82' lang='lat' dir='ltr'><strong>eminentium</strong></span> <span class='ocrx_word' id='word_1_235' title='bbox 400 2397 436 2448; x_wconf 91' lang='lat' dir='ltr'><strong>ad</strong></span> <span class='ocrx_word' id='word_1_236' title='bbox 452 2413 483 2448; x_wconf 82' lang='lat' dir='ltr'><strong>ee</strong></span> <span class='ocrx_word' id='word_1_237' title='bbox 498 2394 656 2459; x_wconf 67' lang='lat' dir='ltr'><strong>trahentem</strong></span> <span class='ocrx_word' id='word_1_238' title='bbox 678 2411 749 2462; x_wconf 86' lang='lat' dir='ltr'><strong>quae</strong></span> <span class='ocrx_word' id='word_1_239' title='bbox 764 2395 811 2446; x_wconf 88' lang='lat' dir='ltr'><strong>ubi</strong></span> <span class='ocrx_word' id='word_1_240' title='bbox 826 2403 940 2448; x_wconf 73' lang='lat' dir='ltr'><strong>secutae</strong></span> 
     </span>
     <span class='ocr_line' id='line_1_34' title="bbox 124 2462 941 2533; baseline -0.002 -17"><span class='ocrx_word' id='word_1_241' title='bbox 124 2473 220 2528; x_wconf 75' lang='lat' dir='ltr'><strong>erant,</strong></span> <span class='ocrx_word' id='word_1_242' title='bbox 236 2465 370 2533; x_wconf 80' lang='lat' dir='ltr'><strong>pleraque</strong></span> <span class='ocrx_word' id='word_1_243' title='bbox 381 2479 476 2516; x_wconf 88' lang='lat' dir='ltr'><strong>secum</strong></span> <span class='ocrx_word' id='word_1_244' title='bbox 485 2464 513 2514; x_wconf 93' lang='lat' dir='ltr'><strong>in</strong></span> <span class='ocrx_word' id='word_1_245' title='bbox 524 2462 691 2532; x_wconf 79' lang='lat' dir='ltr'><strong>profundum</strong></span> <span class='ocrx_word' id='word_1_246' title='bbox 702 2463 817 2514; x_wconf 87' lang='lat' dir='ltr'><strong>dabant:</strong></span> <span class='ocrx_word' id='word_1_247' title='bbox 832 2471 890 2516; x_wconf 90' lang='lat' dir='ltr'><strong>tum</strong></span> <span class='ocrx_word' id='word_1_248' title='bbox 901 2465 941 2514; x_wconf 90' lang='lat' dir='ltr'><strong>le·</strong></span> 
     </span>
     <span class='ocr_line' id='line_1_35' title="bbox 127 2530 941 2599; baseline -0.002 -17"><span class='ocrx_word' id='word_1_249' title='bbox 127 2538 212 2584; x_wconf 78' lang='lat' dir='ltr'><strong>vatus</strong></span> <span class='ocrx_word' id='word_1_250' title='bbox 223 2547 309 2584; x_wconf 89' lang='lat' dir='ltr'><strong>onere</strong></span> <span class='ocrx_word' id='word_1_251' title='bbox 320 2533 430 2599; x_wconf 82' lang='lat' dir='ltr'><strong>stipites</strong></span> <span class='ocrx_word' id='word_1_252' title='bbox 444 2539 614 2598; x_wconf 80' lang='lat' dir='ltr'><strong>truncusque</strong></span> <span class='ocrx_word' id='word_1_253' title='bbox 630 2530 759 2582; x_wconf 87' lang='lat' dir='ltr'><strong>arborum</strong></span> <span class='ocrx_word' id='word_1_254' title='bbox 771 2530 844 2583; x_wconf 86' lang='lat' dir='ltr'><strong>haud</strong></span> <span class='ocrx_word' id='word_1_255' title='bbox 855 2543 941 2598; x_wconf 73' lang='lat' dir='ltr'><strong>aegre</strong></span> 
     </span>
     <span class='ocr_line' id='line_1_36' title="bbox 124 2597 941 2668; baseline -0.009 -14"><span class='ocrx_word' id='word_1_256' title='bbox 124 2599 329 2654; x_wconf 84' lang='lat' dir='ltr'><strong>moliebantur:</strong></span> <span class='ocrx_word' id='word_1_257' title='bbox 342 2599 443 2652; x_wconf 83' lang='lat' dir='ltr'><strong>deinde</strong></span> <span class='ocrx_word' id='word_1_258' title='bbox 453 2606 543 2651; x_wconf 89' lang='lat' dir='ltr'><strong>totum</strong></span> <span class='ocrx_word' id='word_1_259' title='bbox 555 2615 635 2666; x_wconf 77' lang='lat' dir='ltr'><strong>opus,</strong></span> <span class='ocrx_word' id='word_1_260' title='bbox 646 2599 869 2668; x_wconf 79' lang='lat' dir='ltr'><strong>quodetipitibue</strong></span> <span class='ocrx_word' id='word_1_261' title='bbox 880 2597 941 2648; x_wconf 81' lang='lat' dir='ltr'><strong>iue-</strong></span> 
     </span>
     <span class='ocr_line' id='line_1_37' title="bbox 124 2666 941 2734; baseline -0.009 -12"><span class='ocrx_word' id='word_1_262' title='bbox 124 2673 174 2722; x_wconf 81' lang='lat' dir='ltr'><strong>rat</strong></span> <span class='ocrx_word' id='word_1_263' title='bbox 183 2669 317 2730; x_wconf 81' lang='lat' dir='ltr'><strong>innixum,</strong></span> <span class='ocrx_word' id='word_1_264' title='bbox 329 2666 509 2721; x_wconf 77' lang='lat' dir='ltr'><strong>fundamento</strong></span> <span class='ocrx_word' id='word_1_265' title='bbox 521 2667 611 2734; x_wconf 78' lang='lat' dir='ltr'><strong>lapso,</strong></span> <span class='ocrx_word' id='word_1_266' title='bbox 622 2668 800 2734; x_wconf 86' lang='lat' dir='ltr'><strong>sequebatur.</strong></span> <span class='ocrx_word' id='word_1_267' title='bbox 837 2667 877 2715; x_wconf 90' lang='lat' dir='ltr'><strong>ll.</strong></span> <span class='ocrx_word' id='word_1_268' title='bbox 888 2666 941 2716; x_wconf 81' lang='lat' dir='ltr'><strong>Ae·</strong></span> 
     </span>
     <span class='ocr_line' id='line_1_38' title="bbox 122 2731 943 2857; baseline -0.007 -69"><span class='ocrx_word' id='word_1_269' title='bbox 122 2737 279 2857; x_wconf 50' lang='lat' dir='ltr'><strong>grognimi</strong></span> <span class='ocrx_word' id='word_1_270' title='bbox 289 2735 461 2798; x_wconf 78' lang='lat' dir='ltr'><strong>Alexandro,</strong></span> <span class='ocrx_word' id='word_1_271' title='bbox 481 2741 511 2786; x_wconf 89' lang='lat' dir='ltr'><strong>et</strong></span> <span class='ocrx_word' id='word_1_272' title='bbox 526 2742 619 2786; x_wconf 88' lang='lat' dir='ltr'><strong>utrum</strong></span> <span class='ocrx_word' id='word_1_273' title='bbox 633 2738 828 2852; x_wconf 49' lang='lat' dir='ltr'><strong>perceperant</strong></span> <span class='ocrx_word' id='word_1_274' title='bbox 837 2747 872 2782; x_wconf 86' lang='lat' dir='ltr'><strong>an</strong></span> <span class='ocrx_word' id='word_1_275' title='bbox 883 2731 943 2783; x_wconf 84' lang='lat' dir='ltr'><strong>abl-</strong></span> 
     </span>
     <span class='ocr_line' id='line_1_39' title="bbox 210 2817 348 2856; baseline -0.022 0"><span class='ocrx_word' id='word_1_276' title='bbox 210 2817 348 2856; x_wconf 71' lang='lat' dir='ltr'><strong>uarius.</strong></span> 
     </span>
    </p>
   </div>
   <div class='ocr_carea' id='block_1_5' title="bbox 0 0 1032 3030">
    <p class='ocr_par' dir='ltr' id='par_1_5' title="bbox 0 0 1032 3030">
     <span class='ocr_line' id='line_1_40' title="bbox 0 0 1032 3030; baseline 0 1"><span class='ocrx_word' id='word_1_277' title='bbox 0 0 1032 3030; x_wconf 95' lang='lat' dir='ltr'><strong> </strong></span> 
     </span>
    </p>
   </div>
   <div class='ocr_carea' id='block_1_6' title="bbox 955 2909 1025 2980">
    <p class='ocr_par' dir='ltr' id='par_1_6' title="bbox 955 2909 1025 2980">
     <span class='ocr_line' id='line_1_41' title="bbox 955 2909 1025 2980; baseline 0 -62"><span class='ocrx_word' id='word_1_278' title='bbox 955 2909 1025 2980; x_wconf 43' lang='grc' dir='ltr'><strong>,ΔΙ</strong></span> 
     </span>
    </p>
   </div>
  </div>
 </body>
</html>
