<?xml version="1.0" encoding="UTF-8"?>
<!DOCTYPE html PUBLIC "-//W3C//DTD XHTML 1.0 Transitional//EN"
    "http://www.w3.org/TR/xhtml1/DTD/xhtml1-transitional.dtd">
<html xmlns="http://www.w3.org/1999/xhtml" xml:lang="en" lang="en">
 <head>
  <title>
</title>
<meta http-equiv="Content-Type" content="text/html;charset=utf-8" />
  <meta name='ocr-system' content='tesseract 3.04.00' />
  <meta name='ocr-capabilities' content='ocr_page ocr_carea ocr_par ocr_line ocrx_word'/>
</head>
<body>
  <div class='ocr_page' id='page_1' title='image "./qcurtiirufidere00johagoog_0248.png"; bbox 0 0 2048 3034; ppageno 0'>
   <div class='ocr_carea' id='block_1_1' title="bbox 143 172 728 236">
    <p class='ocr_par' dir='ltr' id='par_1_1' title="bbox 143 172 728 236">
     <span class='ocr_line' id='line_1_1' title="bbox 143 172 728 236; baseline -0.009 -6"><span class='ocrx_word' id='word_1_1' title='bbox 143 176 193 230; x_wconf 79' lang='lat'>236</span> <span class='ocrx_word' id='word_1_2' title='bbox 363 173 533 236; x_wconf 69' lang='lat' dir='ltr'><strong>QUINTI</strong></span> <span class='ocrx_word' id='word_1_3' title='bbox 563 172 728 225; x_wconf 85' lang='lat' dir='ltr'>GUR&#39;l&#39;lI</span> 
     </span>
    </p>
   </div>
   <div class='ocr_carea' id='block_1_2' title="bbox 138 270 1010 2768">
    <p class='ocr_par' dir='ltr' id='par_1_2' title="bbox 138 270 1010 2768">
     <span class='ocr_line' id='line_1_2' title="bbox 143 270 945 343; baseline -0.006 -14"><span class='ocrx_word' id='word_1_4' title='bbox 143 281 284 329; x_wconf 86' lang='lat' dir='ltr'>contemta</span> <span class='ocrx_word' id='word_1_5' title='bbox 303 291 432 343; x_wconf 84' lang='lat' dir='ltr'>magnum</span> <span class='ocrx_word' id='word_1_6' title='bbox 447 277 579 326; x_wconf 85' lang='lat' dir='ltr'>excitavit</span> <span class='ocrx_word' id='word_1_7' title='bbox 592 275 760 327; x_wconf 78' lang='lat' dir='ltr'><strong>incendium.</strong></span> <span class='ocrx_word' id='word_1_8' title='bbox 794 270 873 324; x_wconf 87' lang='lat' dir='ltr'>Nihil</span> <span class='ocrx_word' id='word_1_9' title='bbox 882 279 945 324; x_wconf 91' lang='lat' dir='ltr'>tuto</span> 
     </span>
     <span class='ocr_line' id='line_1_3' title="bbox 141 342 934 410; baseline -0.004 -16"><span class='ocrx_word' id='word_1_10' title='bbox 141 345 170 394; x_wconf 92' lang='lat' dir='ltr'>in</span> <span class='ocrx_word' id='word_1_11' title='bbox 181 343 263 394; x_wconf 88' lang='lat' dir='ltr'>hoste</span> <span class='ocrx_word' id='word_1_12' title='bbox 275 343 439 408; x_wconf 79' lang='lat' dir='ltr'>despicitur:</span> <span class='ocrx_word' id='word_1_13' title='bbox 454 357 535 410; x_wconf 87' lang='lat' dir='ltr'>quem</span> <span class='ocrx_word' id='word_1_14' title='bbox 546 343 694 409; x_wconf 79' lang='lat' dir='ltr'><strong>spreveris,</strong></span> <span class='ocrx_word' id='word_1_15' title='bbox 704 342 887 393; x_wconf 86' lang='lat' dir='ltr'>valentiorem</span> <span class='ocrx_word' id='word_1_16' title='bbox 898 357 934 391; x_wconf 90' lang='lat' dir='ltr'>ne</span> 
     </span>
     <span class='ocr_line' id='line_1_4' title="bbox 160 407 946 478; baseline -0.003 -18"><span class='ocrx_word' id='word_1_17' title='bbox 160 411 278 478; x_wconf 82' lang='lat' dir='ltr'>ligantia</span> <span class='ocrx_word' id='word_1_18' title='bbox 287 410 384 461; x_wconf 85' lang='lat' dir='ltr'>facies.</span> <span class='ocrx_word' id='word_1_19' title='bbox 404 412 445 460; x_wconf 80' lang='grc'>12.</span> <span class='ocrx_word' id='word_1_20' title='bbox 456 409 498 460; x_wconf 84' lang='grc' dir='ltr'>Ν1</span> <span class='ocrx_word' id='word_1_21' title='bbox 509 411 611 460; x_wconf 88' lang='lat' dir='ltr'>Darius</span> <span class='ocrx_word' id='word_1_22' title='bbox 622 410 733 476; x_wconf 91' lang='lat' dir='ltr'>quidem</span> <span class='ocrx_word' id='word_1_23' title='bbox 744 407 946 460; x_wconf 85' lang='lat' dir='ltr'>hereditarium</span> 
     </span>
     <span class='ocr_line' id='line_1_5' title="bbox 141 427 945 544; baseline -0.005 -14"><span class='ocrx_word' id='word_1_24' title='bbox 141 427 289 530; x_wconf 54' lang='lat' dir='ltr'>§assarum</span> <span class='ocrx_word' id='word_1_25' title='bbox 300 478 409 544; x_wconf 87' lang='lat' dir='ltr'>accepit</span> <span class='ocrx_word' id='word_1_26' title='bbox 418 477 578 543; x_wconf 81' lang='lat' dir='ltr'>imperium3</span> <span class='ocrx_word' id='word_1_27' title='bbox 597 477 647 529; x_wconf 90' lang='lat' dir='ltr'>sed</span> <span class='ocrx_word' id='word_1_28' title='bbox 658 478 686 528; x_wconf 90' lang='lat' dir='ltr'>in</span> <span class='ocrx_word' id='word_1_29' title='bbox 697 477 793 528; x_wconf 88' lang='lat' dir='ltr'>sedem</span> <span class='ocrx_word' id='word_1_30' title='bbox 804 475 881 542; x_wconf 84' lang='lat' dir='ltr'>Cyri,</span> <span class='ocrx_word' id='word_1_31' title='bbox 897 476 945 526; x_wconf 92' lang='lat' dir='ltr'>be·</span> 
     </span>
     <span class='ocr_line' id='line_1_6' title="bbox 142 544 945 612; baseline -0.004 -15"><span class='ocrx_word' id='word_1_32' title='bbox 142 547 242 598; x_wconf 77' lang='lat' dir='ltr'>delicio</span> <span class='ocrx_word' id='word_1_33' title='bbox 253 546 377 612; x_wconf 78' lang='lat' dir='ltr'>Bagoae,</span> <span class='ocrx_word' id='word_1_34' title='bbox 399 545 515 595; x_wconf 87' lang='lat' dir='ltr'>castrati</span> <span class='ocrx_word' id='word_1_35' title='bbox 526 544 655 606; x_wconf 88' lang='lat' dir='ltr'>hominis,</span> <span class='ocrx_word' id='word_1_36' title='bbox 675 545 825 595; x_wconf 83' lang='lat' dir='ltr'>admissus:</span> <span class='ocrx_word' id='word_1_37' title='bbox 846 559 882 594; x_wconf 87' lang='lat' dir='ltr'>ne</span> <span class='ocrx_word' id='word_1_38' title='bbox 893 557 945 594; x_wconf 90' lang='lat' dir='ltr'>vos</span> 
     </span>
     <span class='ocr_line' id='line_1_7' title="bbox 141 611 946 681; baseline -0.006 -16"><span class='ocrx_word' id='word_1_39' title='bbox 141 629 242 681; x_wconf 88' lang='lat' dir='ltr'>magno</span> <span class='ocrx_word' id='word_1_40' title='bbox 263 614 360 664; x_wconf 87' lang='lat' dir='ltr'>labore</span> <span class='ocrx_word' id='word_1_41' title='bbox 375 612 496 664; x_wconf 87' lang='lat' dir='ltr'>credatis</span> <span class='ocrx_word' id='word_1_42' title='bbox 505 611 623 663; x_wconf 92' lang='lat' dir='ltr'>Bessum</span> <span class='ocrx_word' id='word_1_43' title='bbox 639 627 756 662; x_wconf 88' lang='lat' dir='ltr'>vacuum</span> <span class='ocrx_word' id='word_1_44' title='bbox 769 625 887 677; x_wconf 84' lang='lat' dir='ltr'>regnum</span> <span class='ocrx_word' id='word_1_45' title='bbox 899 626 946 661; x_wconf 89' lang='lat' dir='ltr'>oc-</span> 
     </span>
     <span class='ocr_line' id='line_1_8' title="bbox 143 676 945 749; baseline -0.007 -17"><span class='ocrx_word' id='word_1_46' title='bbox 143 687 313 749; x_wconf 87' lang='lat' dir='ltr'>cupaturum.</span> <span class='ocrx_word' id='word_1_47' title='bbox 352 680 392 730; x_wconf 80' lang='lat'>13.</span> <span class='ocrx_word' id='word_1_48' title='bbox 410 679 469 731; x_wconf 91' lang='lat' dir='ltr'>Nos</span> <span class='ocrx_word' id='word_1_49' title='bbox 487 695 553 730; x_wconf 89' lang='lat' dir='ltr'>vero</span> <span class='ocrx_word' id='word_1_50' title='bbox 573 680 760 746; x_wconf 82' lang='lat' dir='ltr'>peccavimus,</span> <span class='ocrx_word' id='word_1_51' title='bbox 781 676 898 741; x_wconf 81' lang='lat' dir='ltr'>milites,</span> <span class='ocrx_word' id='word_1_52' title='bbox 921 678 945 727; x_wconf 88' lang='lat' dir='ltr'>si</span> 
     </span>
     <span class='ocr_line' id='line_1_9' title="bbox 141 745 943 810; baseline -0.004 -11"><span class='ocrx_word' id='word_1_53' title='bbox 141 748 256 800; x_wconf 86' lang='lat' dir='ltr'>Darium</span> <span class='ocrx_word' id='word_1_54' title='bbox 268 748 303 799; x_wconf 93' lang='lat' dir='ltr'>ob</span> <span class='ocrx_word' id='word_1_55' title='bbox 314 747 368 799; x_wconf 91' lang='lat' dir='ltr'>hoc</span> <span class='ocrx_word' id='word_1_56' title='bbox 376 748 501 810; x_wconf 81' lang='lat' dir='ltr'>vicimus,</span> <span class='ocrx_word' id='word_1_57' title='bbox 508 755 539 798; x_wconf 88' lang='lat' dir='ltr'>ut</span> <span class='ocrx_word' id='word_1_58' title='bbox 548 762 629 798; x_wconf 91' lang='lat' dir='ltr'>servo</span> <span class='ocrx_word' id='word_1_59' title='bbox 641 749 700 798; x_wconf 92' lang='lat' dir='ltr'>eius</span> <span class='ocrx_word' id='word_1_60' title='bbox 710 745 885 798; x_wconf 82' lang='lat' dir='ltr'>traderemus</span> <span class='ocrx_word' id='word_1_61' title='bbox 894 747 943 796; x_wconf 87' lang='lat' dir='ltr'>irn-</span> 
     </span>
     <span class='ocr_line' id='line_1_10' title="bbox 141 815 943 884; baseline -0.009 -15"><span class='ocrx_word' id='word_1_62' title='bbox 141 817 261 884; x_wconf 82' lang='lat' dir='ltr'>perium3</span> <span class='ocrx_word' id='word_1_63' title='bbox 282 819 344 882; x_wconf 90' lang='lat' dir='ltr'>qui,</span> <span class='ocrx_word' id='word_1_64' title='bbox 364 815 490 866; x_wconf 87' lang='lat' dir='ltr'>ultimum</span> <span class='ocrx_word' id='word_1_65' title='bbox 510 830 593 866; x_wconf 88' lang='lat' dir='ltr'>ausus</span> <span class='ocrx_word' id='word_1_66' title='bbox 614 815 719 875; x_wconf 88' lang='lat' dir='ltr'>scelus,</span> <span class='ocrx_word' id='word_1_67' title='bbox 739 828 835 879; x_wconf 86' lang='lat' dir='ltr'>regem</span> <span class='ocrx_word' id='word_1_68' title='bbox 855 829 943 874; x_wconf 89' lang='lat' dir='ltr'>suum,</span> 
     </span>
     <span class='ocr_line' id='line_1_11' title="bbox 142 880 942 950; baseline -0.008 -15"><span class='ocrx_word' id='word_1_69' title='bbox 142 885 226 936; x_wconf 90' lang='lat' dir='ltr'>etiam</span> <span class='ocrx_word' id='word_1_70' title='bbox 237 889 368 934; x_wconf 81' lang='lat' dir='ltr'>externae</span> <span class='ocrx_word' id='word_1_71' title='bbox 380 884 440 950; x_wconf 93' lang='lat' dir='ltr'>opis</span> <span class='ocrx_word' id='word_1_72' title='bbox 452 890 592 949; x_wconf 86' lang='lat' dir='ltr'>egentem,</span> <span class='ocrx_word' id='word_1_73' title='bbox 613 887 688 932; x_wconf 90' lang='lat' dir='ltr'>certe</span> <span class='ocrx_word' id='word_1_74' title='bbox 703 881 747 930; x_wconf 92' lang='lat' dir='ltr'>cui</span> <span class='ocrx_word' id='word_1_75' title='bbox 759 895 810 930; x_wconf 91' lang='lat' dir='ltr'>nos</span> <span class='ocrx_word' id='word_1_76' title='bbox 821 880 942 930; x_wconf 86' lang='lat' dir='ltr'>victores</span> 
     </span>
     <span class='ocr_line' id='line_1_12' title="bbox 141 944 943 1019; baseline -0.011 -15"><span class='ocrx_word' id='word_1_77' title='bbox 141 953 372 1019; x_wconf 86' lang='lat' dir='ltr'>pepercissemus,</span> <span class='ocrx_word' id='word_1_78' title='bbox 385 951 465 1016; x_wconf 90' lang='lat' dir='ltr'>quasi</span> <span class='ocrx_word' id='word_1_79' title='bbox 476 950 611 1015; x_wconf 89' lang='lat' dir='ltr'>captivum</span> <span class='ocrx_word' id='word_1_80' title='bbox 622 951 651 999; x_wconf 93' lang='lat' dir='ltr'>in</span> <span class='ocrx_word' id='word_1_81' title='bbox 661 947 778 998; x_wconf 88' lang='lat' dir='ltr'>vinculis</span> <span class='ocrx_word' id='word_1_82' title='bbox 789 944 899 1011; x_wconf 83' lang='lat' dir='ltr'>habuit3</span> <span class='ocrx_word' id='word_1_83' title='bbox 910 947 943 996; x_wconf 89' lang='lat' dir='ltr'>ad</span> 
     </span>
     <span class='ocr_line' id='line_1_13' title="bbox 142 1014 941 1084; baseline -0.01 -14"><span class='ocrx_word' id='word_1_84' title='bbox 142 1022 283 1080; x_wconf 85' lang='lat' dir='ltr'>ultimum,</span> <span class='ocrx_word' id='word_1_85' title='bbox 294 1032 328 1068; x_wconf 90' lang='lat' dir='ltr'>ne</span> <span class='ocrx_word' id='word_1_86' title='bbox 339 1033 356 1068; x_wconf 90' lang='lat' dir='ltr'>a</span> <span class='ocrx_word' id='word_1_87' title='bbox 366 1017 446 1068; x_wconf 93' lang='lat' dir='ltr'>nobis</span> <span class='ocrx_word' id='word_1_88' title='bbox 458 1017 617 1068; x_wconf 87' lang='lat' dir='ltr'>conservari</span> <span class='ocrx_word' id='word_1_89' title='bbox 627 1019 735 1084; x_wconf 88' lang='lat' dir='ltr'>posset,</span> <span class='ocrx_word' id='word_1_90' title='bbox 751 1014 865 1066; x_wconf 88' lang='lat' dir='ltr'>occidit.</span> <span class='ocrx_word' id='word_1_91' title='bbox 902 1015 941 1064; x_wconf 80' lang='lat'>14.</span> 
     </span>
     <span class='ocr_line' id='line_1_14' title="bbox 143 1081 1010 1150; baseline -0.009 -12"><span class='ocrx_word' id='word_1_92' title='bbox 143 1087 226 1138; x_wconf 85' lang='lat' dir='ltr'>Hunc</span> <span class='ocrx_word' id='word_1_93' title='bbox 244 1100 294 1135; x_wconf 90' lang='lat' dir='ltr'>vos</span> <span class='ocrx_word' id='word_1_94' title='bbox 312 1099 430 1150; x_wconf 76' lang='lat' dir='ltr'>regirare</span> <span class='ocrx_word' id='word_1_95' title='bbox 449 1083 609 1150; x_wconf 79' lang='lat' dir='ltr'>patieminii</span> <span class='ocrx_word' id='word_1_96' title='bbox 628 1091 709 1150; x_wconf 82' lang='lat' dir='ltr'>qu&#39;em</span> <span class='ocrx_word' id='word_1_97' title='bbox 724 1081 853 1148; x_wconf 88' lang='lat' dir='ltr'>equidem</span> <span class='ocrx_word' id='word_1_98' title='bbox 869 1081 943 1132; x_wconf 87' lang='lat' dir='ltr'>cruci</span> <span class='ocrx_word' id='word_1_99' title='bbox 1009 1111 1010 1124; x_wconf 59' lang='lat'>,</span> 
     </span>
     <span class='ocr_line' id='line_1_15' title="bbox 143 1150 942 1218; baseline -0.008 -14"><span class='ocrx_word' id='word_1_100' title='bbox 143 1155 254 1204; x_wconf 83' lang='lat' dir='ltr'>affixum</span> <span class='ocrx_word' id='word_1_101' title='bbox 264 1151 359 1204; x_wconf 84' lang='lat' dir='ltr'>ridere</span> <span class='ocrx_word' id='word_1_102' title='bbox 369 1150 482 1212; x_wconf 80' lang='lat' dir='ltr'>festino,</span> <span class='ocrx_word' id='word_1_103' title='bbox 489 1151 615 1202; x_wconf 89' lang='lat' dir='ltr'>omnibus</span> <span class='ocrx_word' id='word_1_104' title='bbox 625 1151 739 1218; x_wconf 86' lang='lat' dir='ltr'>regibus</span> <span class='ocrx_word' id='word_1_105' title='bbox 748 1150 942 1216; x_wconf 86' lang='lat' dir='ltr'>gentibusque,</span> 
     </span>
     <span class='ocr_line' id='line_1_16' title="bbox 144 1217 941 1286; baseline -0.006 -15"><span class='ocrx_word' id='word_1_106' title='bbox 144 1226 173 1270; x_wconf 90' lang='lat' dir='ltr'>et</span> <span class='ocrx_word' id='word_1_107' title='bbox 185 1219 274 1280; x_wconf 90' lang='lat' dir='ltr'>Fidei,</span> <span class='ocrx_word' id='word_1_108' title='bbox 297 1235 377 1285; x_wconf 88' lang='lat' dir='ltr'>quam</span> <span class='ocrx_word' id='word_1_109' title='bbox 392 1218 517 1281; x_wconf 86' lang='lat' dir='ltr'>violavit,</span> <span class='ocrx_word' id='word_1_110' title='bbox 539 1219 651 1270; x_wconf 87' lang='lat' dir='ltr'>meritas</span> <span class='ocrx_word' id='word_1_111' title='bbox 662 1233 767 1286; x_wconf 86' lang='lat' dir='ltr'>poenas</span> <span class='ocrx_word' id='word_1_112' title='bbox 778 1217 941 1268; x_wconf 90' lang='lat' dir='ltr'>solventem.</span> 
     </span>
     <span class='ocr_line' id='line_1_17' title="bbox 144 1283 1010 1348; baseline -0.003 -11"><span class='ocrx_word' id='word_1_113' title='bbox 144 1286 184 1337; x_wconf 77' lang='lat'>15.</span> <span class='ocrx_word' id='word_1_114' title='bbox 203 1287 238 1336; x_wconf 81' lang='lat' dir='ltr'>nt</span> <span class='ocrx_word' id='word_1_115' title='bbox 248 1283 370 1348; x_wconf 85' lang='lat' dir='ltr'>hercule,</span> <span class='ocrx_word' id='word_1_116' title='bbox 381 1286 406 1336; x_wconf 93' lang='lat' dir='ltr'>si</span> <span class='ocrx_word' id='word_1_117' title='bbox 416 1300 481 1335; x_wconf 88' lang='lat' dir='ltr'>mox</span> <span class='ocrx_word' id='word_1_118' title='bbox 491 1285 608 1336; x_wconf 88' lang='lat' dir='ltr'>eundem</span> <span class='ocrx_word' id='word_1_119' title='bbox 620 1285 790 1337; x_wconf 84' lang='lat' dir='ltr'>Graecorum</span> <span class='ocrx_word' id='word_1_120' title='bbox 801 1285 886 1336; x_wconf 89' lang='lat' dir='ltr'>urbes</span> <span class='ocrx_word' id='word_1_121' title='bbox 898 1289 944 1335; x_wconf 86' lang='lat' dir='ltr'>aut</span> <span class='ocrx_word' id='word_1_122' title='bbox 1009 1301 1010 1324; x_wconf 69' lang='grc'>1</span> 
     </span>
     <span class='ocr_line' id='line_1_18' title="bbox 142 1351 943 1419; baseline -0.001 -16"><span class='ocrx_word' id='word_1_123' title='bbox 142 1351 356 1419; x_wconf 85' lang='lat' dir='ltr'>Hellespontum</span> <span class='ocrx_word' id='word_1_124' title='bbox 368 1359 477 1403; x_wconf 88' lang='lat' dir='ltr'>vastare</span> <span class='ocrx_word' id='word_1_125' title='bbox 489 1354 644 1404; x_wconf 89' lang='lat' dir='ltr'>nuntiatum</span> <span class='ocrx_word' id='word_1_126' title='bbox 654 1355 708 1405; x_wconf 89' lang='lat' dir='ltr'>erit</span> <span class='ocrx_word' id='word_1_127' title='bbox 716 1353 809 1414; x_wconf 85' lang='lat' dir='ltr'>vobis,</span> <span class='ocrx_word' id='word_1_128' title='bbox 829 1367 885 1419; x_wconf 92' lang='lat' dir='ltr'>quo</span> <span class='ocrx_word' id='word_1_129' title='bbox 897 1353 943 1404; x_wconf 93' lang='lat' dir='ltr'>do-</span> 
     </span>
     <span class='ocr_line' id='line_1_19' title="bbox 143 1419 943 1488; baseline -0.004 -16"><span class='ocrx_word' id='word_1_130' title='bbox 143 1421 205 1472; x_wconf 88' lang='lat' dir='ltr'>lore</span> <span class='ocrx_word' id='word_1_131' title='bbox 216 1421 383 1482; x_wconf 79' lang='lat' dir='ltr'>efficiemini,</span> <span class='ocrx_word' id='word_1_132' title='bbox 404 1419 520 1471; x_wconf 86' lang='lat' dir='ltr'>Bessum</span> <span class='ocrx_word' id='word_1_133' title='bbox 537 1423 660 1488; x_wconf 90' lang='lat' dir='ltr'>praemia</span> <span class='ocrx_word' id='word_1_134' title='bbox 669 1427 779 1473; x_wconf 83' lang='lat' dir='ltr'>restrae</span> <span class='ocrx_word' id='word_1_135' title='bbox 790 1433 943 1486; x_wconf 78' lang='lat' dir='ltr'>occupasse</span> 
     </span>
     <span class='ocr_line' id='line_1_20' title="bbox 142 1487 1010 1558; baseline -0.005 -18"><span class='ocrx_word' id='word_1_136' title='bbox 142 1487 391 1540; x_wconf 73' lang='lat' dir='ltr'>victoriaeiTunc</span> <span class='ocrx_word' id='word_1_137' title='bbox 401 1487 436 1538; x_wconf 89' lang='lat' dir='ltr'>ad</span> <span class='ocrx_word' id='word_1_138' title='bbox 445 1490 612 1554; x_wconf 89' lang='lat' dir='ltr'>repetendas</span> <span class='ocrx_word' id='word_1_139' title='bbox 622 1505 668 1540; x_wconf 92' lang='lat' dir='ltr'>res</span> <span class='ocrx_word' id='word_1_140' title='bbox 679 1487 862 1549; x_wconf 81' lang='lat' dir='ltr'>festinabitis3</span> <span class='ocrx_word' id='word_1_141' title='bbox 879 1493 944 1538; x_wconf 83' lang='lat' dir='ltr'>tune</span> <span class='ocrx_word' id='word_1_142' title='bbox 1009 1541 1010 1558; x_wconf 21' lang='lat' dir='ltr'><strong>i</strong></span> 
     </span>
     <span class='ocr_line' id='line_1_21' title="bbox 143 1555 1010 1624; baseline -0.005 -16"><span class='ocrx_word' id='word_1_143' title='bbox 143 1571 221 1608; x_wconf 82' lang='lat' dir='ltr'>arma</span> <span class='ocrx_word' id='word_1_144' title='bbox 231 1557 356 1623; x_wconf 88' lang='lat' dir='ltr'>capietis.</span> <span class='ocrx_word' id='word_1_145' title='bbox 393 1555 502 1616; x_wconf 75' lang='lat' dir='ltr'>Quanto</span> <span class='ocrx_word' id='word_1_146' title='bbox 514 1563 605 1607; x_wconf 85' lang='lat' dir='ltr'>autem</span> <span class='ocrx_word' id='word_1_147' title='bbox 617 1562 747 1624; x_wconf 83' lang='lat' dir='ltr'>praestat,</span> <span class='ocrx_word' id='word_1_148' title='bbox 758 1556 888 1606; x_wconf 86' lang='lat' dir='ltr'>territum</span> <span class='ocrx_word' id='word_1_149' title='bbox 899 1555 944 1606; x_wconf 89' lang='lat' dir='ltr'>ad·</span> <span class='ocrx_word' id='word_1_150' title='bbox 1009 1599 1010 1622; x_wconf 57' lang='lat'>,</span> 
     </span>
     <span class='ocr_line' id='line_1_22' title="bbox 142 1621 1010 1691; baseline -0.002 -17"><span class='ocrx_word' id='word_1_151' title='bbox 142 1622 197 1676; x_wconf 87' lang='lat' dir='ltr'>huo</span> <span class='ocrx_word' id='word_1_152' title='bbox 217 1630 245 1674; x_wconf 89' lang='lat' dir='ltr'>et</span> <span class='ocrx_word' id='word_1_153' title='bbox 263 1625 310 1675; x_wconf 84' lang='lat' dir='ltr'>vix</span> <span class='ocrx_word' id='word_1_154' title='bbox 328 1625 428 1675; x_wconf 88' lang='lat' dir='ltr'>mentis</span> <span class='ocrx_word' id='word_1_155' title='bbox 448 1640 515 1676; x_wconf 91' lang='lat' dir='ltr'>suae</span> <span class='ocrx_word' id='word_1_156' title='bbox 531 1632 687 1691; x_wconf 88' lang='lat' dir='ltr'>compotem</span> <span class='ocrx_word' id='word_1_157' title='bbox 702 1622 875 1691; x_wconf 72' lang='lat' dir='ltr'>opprimeret</span> <span class='ocrx_word' id='word_1_158' title='bbox 904 1621 944 1672; x_wconf 81' lang='lat' dir='ltr'>ld.</span> <span class='ocrx_word' id='word_1_159' title='bbox 1009 1675 1010 1680; x_wconf 57' lang='grc'>,</span> 
     </span>
     <span class='ocr_line' id='line_1_23' title="bbox 144 1691 1010 1759; baseline -0.005 -16"><span class='ocrx_word' id='word_1_160' title='bbox 144 1691 293 1754; x_wconf 75' lang='lat' dir='ltr'>Quatridui</span> <span class='ocrx_word' id='word_1_161' title='bbox 302 1693 383 1744; x_wconf 86' lang='lat' dir='ltr'>nobis</span> <span class='ocrx_word' id='word_1_162' title='bbox 392 1693 447 1744; x_wconf 88' lang='lat' dir='ltr'>iter</span> <span class='ocrx_word' id='word_1_163' title='bbox 458 1699 593 1759; x_wconf 87' lang='lat' dir='ltr'>superest,</span> <span class='ocrx_word' id='word_1_164' title='bbox 614 1693 660 1759; x_wconf 90' lang='lat' dir='ltr'>qui</span> <span class='ocrx_word' id='word_1_165' title='bbox 669 1698 713 1742; x_wconf 89' lang='lat' dir='ltr'>tot</span> <span class='ocrx_word' id='word_1_166' title='bbox 722 1691 945 1758; x_wconf 84' lang='lat' dir='ltr'>proculcavimus</span> <span class='ocrx_word' id='word_1_167' title='bbox 1009 1713 1010 1718; x_wconf 60' lang='lat'><em>=</em></span> 
     </span>
     <span class='ocr_line' id='line_1_24' title="bbox 138 1760 1010 1826; baseline -0.003 -15"><span class='ocrx_word' id='word_1_168' title='bbox 138 1762 234 1822; x_wconf 77' lang='lat' dir='ltr'>aives,</span> <span class='ocrx_word' id='word_1_169' title='bbox 258 1765 301 1811; x_wconf 86' lang='lat' dir='ltr'>tot</span> <span class='ocrx_word' id='word_1_170' title='bbox 320 1775 414 1812; x_wconf 89' lang='lat' dir='ltr'>amnes</span> <span class='ocrx_word' id='word_1_171' title='bbox 434 1761 638 1826; x_wconf 86' lang='lat' dir='ltr'>superavimus,</span> <span class='ocrx_word' id='word_1_172' title='bbox 659 1764 704 1810; x_wconf 89' lang='grc'>111</span> <span class='ocrx_word' id='word_1_173' title='bbox 725 1761 862 1810; x_wconf 89' lang='lat' dir='ltr'>montium</span> <span class='ocrx_word' id='word_1_174' title='bbox 878 1760 946 1825; x_wconf 86' lang='lat' dir='ltr'>iuga</span> <span class='ocrx_word' id='word_1_175' title='bbox 1009 1761 1010 1764; x_wconf 77' lang='grc'>’</span> 
     </span>
     <span class='ocr_line' id='line_1_25' title="bbox 142 1821 1010 1893; baseline 0 -15"><span class='ocrx_word' id='word_1_176' title='bbox 142 1828 403 1880; x_wconf 83' lang='lat' dir='ltr'>transcucurrimus.</span> <span class='ocrx_word' id='word_1_177' title='bbox 438 1826 501 1878; x_wconf 90' lang='lat' dir='ltr'>Non</span> <span class='ocrx_word' id='word_1_178' title='bbox 512 1842 587 1879; x_wconf 89' lang='lat' dir='ltr'>mare</span> <span class='ocrx_word' id='word_1_179' title='bbox 596 1827 678 1887; x_wconf 90' lang='lat' dir='ltr'>illud,</span> <span class='ocrx_word' id='word_1_180' title='bbox 691 1826 766 1893; x_wconf 94' lang='lat' dir='ltr'>quod</span> <span class='ocrx_word' id='word_1_181' title='bbox 776 1832 945 1878; x_wconf 81' lang='lat' dir='ltr'>exaestuans</span> <span class='ocrx_word' id='word_1_182' title='bbox 1009 1821 1010 1878; x_wconf 63' lang='grc' dir='ltr'><strong>ἶ</strong></span> 
     </span>
     <span class='ocr_line' id='line_1_26' title="bbox 143 1892 1010 1961; baseline -0.006 -16"><span class='ocrx_word' id='word_1_183' title='bbox 143 1896 199 1947; x_wconf 90' lang='lat' dir='ltr'>iter</span> <span class='ocrx_word' id='word_1_184' title='bbox 208 1893 338 1946; x_wconf 85' lang='lat' dir='ltr'>fluctibus</span> <span class='ocrx_word' id='word_1_185' title='bbox 350 1901 476 1961; x_wconf 87' lang='lat' dir='ltr'>occupat,</span> <span class='ocrx_word' id='word_1_186' title='bbox 487 1903 584 1946; x_wconf 87' lang='lat' dir='ltr'>euntes</span> <span class='ocrx_word' id='word_1_187' title='bbox 595 1910 646 1945; x_wconf 89' lang='lat' dir='ltr'>nos</span> <span class='ocrx_word' id='word_1_188' title='bbox 658 1900 795 1956; x_wconf 62' lang='lat' dir='ltr'>moratum</span> <span class='ocrx_word' id='word_1_189' title='bbox 812 1909 869 1946; x_wconf 89' lang='lat' dir='ltr'>non</span> <span class='ocrx_word' id='word_1_190' title='bbox 881 1892 947 1944; x_wconf 83' lang='lat' dir='ltr'>Cili·</span> <span class='ocrx_word' id='word_1_191' title='bbox 1009 1893 1010 1940; x_wconf 59' lang='lat' dir='ltr'>i</span> 
     </span>
     <span class='ocr_line' id='line_1_27' title="bbox 145 1960 1010 2026; baseline -0.006 -12"><span class='ocrx_word' id='word_1_192' title='bbox 145 1963 206 2014; x_wconf 87' lang='lat' dir='ltr'>ciae</span> <span class='ocrx_word' id='word_1_193' title='bbox 225 1961 320 2012; x_wconf 82' lang='lat' dir='ltr'>fauces</span> <span class='ocrx_word' id='word_1_194' title='bbox 340 1967 369 2011; x_wconf 90' lang='grc'>11</span> <span class='ocrx_word' id='word_1_195' title='bbox 381 1964 526 2026; x_wconf 85' lang='lat' dir='ltr'>angustiae</span> <span class='ocrx_word' id='word_1_196' title='bbox 540 1961 697 2012; x_wconf 90' lang='lat' dir='ltr'>includunt:</span> <span class='ocrx_word' id='word_1_197' title='bbox 716 1960 800 2026; x_wconf 88' lang='lat' dir='ltr'>plana</span> <span class='ocrx_word' id='word_1_198' title='bbox 814 1963 910 2012; x_wconf 88' lang='lat' dir='ltr'>omnia</span> <span class='ocrx_word' id='word_1_199' title='bbox 920 1963 948 2010; x_wconf 89' lang='lat' dir='ltr'>et</span> <span class='ocrx_word' id='word_1_200' title='bbox 1009 1961 1010 1988; x_wconf 63' lang='lat'><em>³</em></span> 
     </span>
     <span class='ocr_line' id='line_1_28' title="bbox 162 2026 947 2092; baseline -0.005 -11"><span class='ocrx_word' id='word_1_201' title='bbox 162 2045 233 2081; x_wconf 88' lang='lat' dir='ltr'>rona</span> <span class='ocrx_word' id='word_1_202' title='bbox 252 2033 323 2080; x_wconf 82' lang='lat' dir='ltr'>sunt.</span> <span class='ocrx_word' id='word_1_203' title='bbox 369 2027 408 2076; x_wconf 75' lang='lat' dir='ltr'>li.</span> <span class='ocrx_word' id='word_1_204' title='bbox 429 2026 459 2076; x_wconf 89' lang='lat' dir='ltr'>ln</span> <span class='ocrx_word' id='word_1_205' title='bbox 476 2027 538 2092; x_wconf 92' lang='lat' dir='ltr'>ipso</span> <span class='ocrx_word' id='word_1_206' title='bbox 560 2028 655 2079; x_wconf 91' lang='lat' dir='ltr'>limine</span> <span class='ocrx_word' id='word_1_207' title='bbox 676 2029 811 2079; x_wconf 86' lang='lat' dir='ltr'>victoriae</span> <span class='ocrx_word' id='word_1_208' title='bbox 831 2034 947 2079; x_wconf 91' lang='lat' dir='ltr'>stamus.</span> 
     </span>
     <span class='ocr_line' id='line_1_29' title="bbox 143 2046 948 2160; baseline -0.004 -12"><span class='ocrx_word' id='word_1_209' title='bbox 143 2046 233 2150; x_wconf 60' lang='lat' dir='ltr'>l&#39;auci</span> <span class='ocrx_word' id='word_1_210' title='bbox 251 2095 332 2146; x_wconf 88' lang='lat' dir='ltr'>nobis</span> <span class='ocrx_word' id='word_1_211' title='bbox 345 2092 457 2160; x_wconf 80' lang='lat' dir='ltr'>fugitivi</span> <span class='ocrx_word' id='word_1_212' title='bbox 474 2100 502 2143; x_wconf 91' lang='lat' dir='ltr'>et</span> <span class='ocrx_word' id='word_1_213' title='bbox 517 2094 621 2146; x_wconf 91' lang='lat' dir='ltr'>domini</span> <span class='ocrx_word' id='word_1_214' title='bbox 634 2097 677 2147; x_wconf 90' lang='lat' dir='ltr'>sui</span> <span class='ocrx_word' id='word_1_215' title='bbox 691 2094 893 2146; x_wconf 83' lang='lat' dir='ltr'>interfectores</span> <span class='ocrx_word' id='word_1_216' title='bbox 904 2111 948 2145; x_wconf 86' lang='lat' dir='ltr'>su·</span> 
     </span>
     <span class='ocr_line' id='line_1_30' title="bbox 145 2160 950 2232; baseline -0.005 -18"><span class='ocrx_word' id='word_1_217' title='bbox 145 2168 268 2232; x_wconf 90' lang='lat' dir='ltr'>persunt.</span> <span class='ocrx_word' id='word_1_218' title='bbox 302 2160 455 2226; x_wconf 81' lang='lat' dir='ltr'>Egregium</span> <span class='ocrx_word' id='word_1_219' title='bbox 466 2160 623 2213; x_wconf 87' lang='lat' dir='ltr'>mehercule</span> <span class='ocrx_word' id='word_1_220' title='bbox 634 2179 713 2230; x_wconf 85' lang='lat' dir='ltr'>opus,</span> <span class='ocrx_word' id='word_1_221' title='bbox 734 2168 763 2214; x_wconf 89' lang='lat' dir='ltr'>et</span> <span class='ocrx_word' id='word_1_222' title='bbox 773 2163 849 2214; x_wconf 90' lang='lat' dir='ltr'>inter</span> <span class='ocrx_word' id='word_1_223' title='bbox 860 2164 950 2228; x_wconf 87' lang='lat' dir='ltr'>prima</span> 
     </span>
     <span class='ocr_line' id='line_1_31' title="bbox 146 2228 949 2298; baseline -0.001 -17"><span class='ocrx_word' id='word_1_224' title='bbox 146 2231 255 2298; x_wconf 88' lang='lat' dir='ltr'>gloriae</span> <span class='ocrx_word' id='word_1_225' title='bbox 274 2233 385 2278; x_wconf 85' lang='lat' dir='ltr'>restrae</span> <span class='ocrx_word' id='word_1_226' title='bbox 407 2229 605 2280; x_wconf 88' lang='lat' dir='ltr'>numerandum</span> <span class='ocrx_word' id='word_1_227' title='bbox 624 2231 784 2297; x_wconf 88' lang='lat' dir='ltr'>posteritati</span> <span class='ocrx_word' id='word_1_228' title='bbox 797 2228 949 2296; x_wconf 83' lang='lat' dir='ltr'>famaeque</span> 
     </span>
     <span class='ocr_line' id='line_1_32' title="bbox 146 2294 951 2366; baseline 0.001 -20"><span class='ocrx_word' id='word_1_229' title='bbox 146 2295 273 2356; x_wconf 87' lang='lat' dir='ltr'>tradetis,</span> <span class='ocrx_word' id='word_1_230' title='bbox 294 2294 373 2344; x_wconf 88' lang='lat' dir='ltr'>Darii</span> <span class='ocrx_word' id='word_1_231' title='bbox 393 2311 502 2362; x_wconf 89' lang='lat' dir='ltr'>quoque</span> <span class='ocrx_word' id='word_1_232' title='bbox 521 2295 625 2360; x_wconf 85' lang='lat' dir='ltr'>hostis,</span> <span class='ocrx_word' id='word_1_233' title='bbox 646 2298 726 2349; x_wconf 90' lang='lat' dir='ltr'>finito</span> <span class='ocrx_word' id='word_1_234' title='bbox 745 2304 951 2366; x_wconf 89' lang='lat' dir='ltr'>postmortem</span> 
     </span>
     <span class='ocr_line' id='line_1_33' title="bbox 148 2363 952 2429; baseline 0.006 -18"><span class='ocrx_word' id='word_1_235' title='bbox 148 2364 207 2412; x_wconf 91' lang='lat' dir='ltr'>eius</span> <span class='ocrx_word' id='word_1_236' title='bbox 227 2363 302 2424; x_wconf 91' lang='lat' dir='ltr'>odio,</span> <span class='ocrx_word' id='word_1_237' title='bbox 322 2363 476 2429; x_wconf 78' lang='lat' dir='ltr'>parricidas</span> <span class='ocrx_word' id='word_1_238' title='bbox 496 2379 559 2416; x_wconf 91' lang='lat' dir='ltr'>esse</span> <span class='ocrx_word' id='word_1_239' title='bbox 577 2381 628 2417; x_wconf 82' lang='lat' dir='ltr'>vos</span> <span class='ocrx_word' id='word_1_240' title='bbox 642 2366 727 2429; x_wconf 84' lang='lat' dir='ltr'>altos,</span> <span class='ocrx_word' id='word_1_241' title='bbox 747 2365 888 2416; x_wconf 91' lang='lat' dir='ltr'>neminem</span> <span class='ocrx_word' id='word_1_242' title='bbox 901 2367 952 2416; x_wconf 92' lang='lat' dir='ltr'>im-</span> 
     </span>
     <span class='ocr_line' id='line_1_34' title="bbox 145 2427 952 2498; baseline 0.002 -18"><span class='ocrx_word' id='word_1_243' title='bbox 145 2431 220 2495; x_wconf 93' lang='lat' dir='ltr'>pium</span> <span class='ocrx_word' id='word_1_244' title='bbox 232 2427 365 2496; x_wconf 85' lang='lat' dir='ltr'>effugisse</span> <span class='ocrx_word' id='word_1_245' title='bbox 375 2447 471 2482; x_wconf 88' lang='lat' dir='ltr'>manus</span> <span class='ocrx_word' id='word_1_246' title='bbox 483 2439 599 2485; x_wconf 88' lang='lat' dir='ltr'>vestras.</span> <span class='ocrx_word' id='word_1_247' title='bbox 636 2431 676 2482; x_wconf 87' lang='lat'>18.</span> <span class='ocrx_word' id='word_1_248' title='bbox 696 2434 760 2484; x_wconf 88' lang='lat' dir='ltr'>Hoc</span> <span class='ocrx_word' id='word_1_249' title='bbox 775 2438 952 2498; x_wconf 88' lang='lat' dir='ltr'>perpetrato,</span> 
     </span>
     <span class='ocr_line' id='line_1_35' title="bbox 147 2497 953 2567; baseline 0 -19"><span class='ocrx_word' id='word_1_250' title='bbox 147 2503 250 2564; x_wconf 91' lang='lat' dir='ltr'>quanto</span> <span class='ocrx_word' id='word_1_251' title='bbox 270 2497 384 2549; x_wconf 91' lang='lat' dir='ltr'>creditis</span> <span class='ocrx_word' id='word_1_252' title='bbox 399 2499 500 2550; x_wconf 89' lang='lat' dir='ltr'>Persas</span> <span class='ocrx_word' id='word_1_253' title='bbox 521 2500 752 2567; x_wconf 85' lang='lat' dir='ltr'>obsequentiores</span> <span class='ocrx_word' id='word_1_254' title='bbox 771 2499 844 2562; x_wconf 84' lang='lat' dir='ltr'>fore,</span> <span class='ocrx_word' id='word_1_255' title='bbox 866 2515 953 2566; x_wconf 89' lang='lat' dir='ltr'>quum</span> 
     </span>
     <span class='ocr_line' id='line_1_36' title="bbox 144 2563 954 2635; baseline 0 -19"><span class='ocrx_word' id='word_1_256' title='bbox 144 2564 336 2617; x_wconf 83' lang='lat' dir='ltr'>intellexerint</span> <span class='ocrx_word' id='word_1_257' title='bbox 344 2580 395 2617; x_wconf 91' lang='lat' dir='ltr'>vos</span> <span class='ocrx_word' id='word_1_258' title='bbox 406 2567 451 2633; x_wconf 89' lang='lat' dir='ltr'>pia</span> <span class='ocrx_word' id='word_1_259' title='bbox 460 2567 536 2618; x_wconf 88' lang='lat' dir='ltr'>bella</span> <span class='ocrx_word' id='word_1_260' title='bbox 544 2563 695 2635; x_wconf 79' lang='lat' dir='ltr'>suscipere,</span> <span class='ocrx_word' id='word_1_261' title='bbox 707 2575 737 2619; x_wconf 88' lang='lat' dir='ltr'>et</span> <span class='ocrx_word' id='word_1_262' title='bbox 745 2566 827 2617; x_wconf 87' lang='lat' dir='ltr'>Bessi</span> <span class='ocrx_word' id='word_1_263' title='bbox 837 2568 954 2629; x_wconf 90' lang='lat' dir='ltr'>sceleri,</span> 
     </span>
     <span class='ocr_line' id='line_1_37' title="bbox 146 2632 518 2697; baseline -0.005 -13"><span class='ocrx_word' id='word_1_264' title='bbox 146 2649 202 2684; x_wconf 86' lang='lat' dir='ltr'>uon</span> <span class='ocrx_word' id='word_1_265' title='bbox 213 2632 317 2684; x_wconf 89' lang='lat' dir='ltr'>nomini</span> <span class='ocrx_word' id='word_1_266' title='bbox 327 2649 388 2697; x_wconf 86' lang='lat' dir='ltr'>suo,</span> <span class='ocrx_word' id='word_1_267' title='bbox 398 2632 518 2686; x_wconf 65' lang='grc' dir='ltr'>11111111ι</span> 
     </span>
     <span class='ocr_line' id='line_1_38' title="bbox 196 2695 1010 2768; baseline 0.004 -19"><span class='ocrx_word' id='word_1_268' title='bbox 196 2697 241 2751; x_wconf 90' lang='lat' dir='ltr'>lV.</span> <span class='ocrx_word' id='word_1_269' title='bbox 262 2699 374 2752; x_wconf 89' lang='lat' dir='ltr'>Summa</span> <span class='ocrx_word' id='word_1_270' title='bbox 388 2700 507 2753; x_wconf 91' lang='lat' dir='ltr'>militum</span> <span class='ocrx_word' id='word_1_271' title='bbox 525 2702 680 2766; x_wconf 85' lang='lat' dir='ltr'>alacritate,</span> <span class='ocrx_word' id='word_1_272' title='bbox 700 2701 863 2764; x_wconf 87' lang='lat' dir='ltr'>iubentium,</span> <span class='ocrx_word' id='word_1_273' title='bbox 884 2717 954 2768; x_wconf 88' lang='lat' dir='ltr'>quo·</span> <span class='ocrx_word' id='word_1_274' title='bbox 1009 2695 1010 2730; x_wconf 55' lang='lat' dir='ltr'>l</span> 
     </span>
    </p>
   </div>
   <div class='ocr_carea' id='block_1_3' title="bbox 0 0 1031 3034">
    <p class='ocr_par' dir='ltr' id='par_1_3' title="bbox 0 0 1031 3034">
     <span class='ocr_line' id='line_1_39' title="bbox 0 0 1031 3034; baseline 0 0"><span class='ocrx_word' id='word_1_275' title='bbox 0 0 1031 3034; x_wconf 95' lang='lat' dir='ltr'> </span> 
     </span>
    </p>
   </div>
  </div>
 </body>
</html>
