2048 3034
356 189 501 240 LIBER
527 190 578 242 vl.
608 191 700 244 cxP.
731 195 772 243 11.
910 190 958 242 261

157 293 258 343 mentis
267 295 411 344 veritatem
423 292 630 359 exprimendam
641 307 703 344 esse
719 296 860 346 dixerunt:
874 301 903 346 et
915 291 958 344 illl

156 373 276 428 quoque,
297 361 345 428 qui
366 360 440 411 aliud
458 365 613 422 suaserant,
633 360 662 410 in
680 358 776 413 horum
791 363 957 413 sententiam

154 433 306 478 transeunt.
346 429 385 478 ll.
406 427 531 478 Consilio
544 442 613 494 ergo
625 425 753 488 dimisso,
763 427 957 496 Hephaestion

155 509 217 546 eum
232 493 347 546 Cratero
368 499 397 546 et
411 496 505 546 Coeno
526 494 560 545 ad
580 495 770 560 quaestionem
792 497 826 546 de
842 495 958 547 Philota

154 559 308 613 hahendam
328 568 508 628 consurgunt
547 563 586 612 12.
606 561 666 612 Rex
677 562 792 612 Cratero
810 564 955 626 arcessito,

155 634 318 680 etsermone
329 627 519 692 habito,euius
530 643 637 680 summa
647 643 702 679 non
714 629 790 679 edita
800 632 883 691 estin
895 631 956 680 intl-

152 711 224 748 mam
239 697 387 748 diversorii
402 703 509 763 partem
523 699 654 759 secessit,
674 703 703 746 et
715 697 830 746 remotis
845 697 956 748 arbitris

151 763 181 815 ln
194 765 308 816 multam
324 771 435 814 noctem
451 764 624 830 quaestionis
636 763 809 830 exspectavit
819 770 955 814 eventum.

152 831 193 884 13.
212 833 350 884 Tortores
360 831 389 881 in
403 837 556 897 conspectu
565 827 695 882 Philotae
707 833 800 882 omnia
809 831 956 882 erudelita-

151 900 189 950 tis
205 901 390 950 instrumenta
402 905 570 968 proponunt.
609 898 647 948 14.
667 898 703 948 Et
720 898 769 950 ille
781 897 874 960 ultro,
895 898 959 964 qnid

152 965 270 1026 cetratis,
289 965 389 1044 inquit,
404 965 476 1032 regit
486 963 631 1028 inimicam,
646 964 858 1035 interfectorem,
874 964 956 1032 eonfi-

152 1040 251 1084 teatem
271 1031 406 1083 accedere?
425 1031 489 1100 qaid
509 1031 663 1100 quaestione
677 1049 741 1100 oper
756 1033 811 1084 ert?
829 1031 956 1100 eogitari,

152 1097 233 1150 volui.
270 1100 400 1150 Craterus
419 1101 543 1167 exigere,
562 1107 601 1163 ut,
625 1115 695 1166 quae
714 1099 909 1159 eonfiteretur,
929 1101 957 1150 in

151 1169 301 1218 tormentis
313 1182 423 1284 quoque
434 1168 549 1219 diceret.
587 1169 627 1218 lt.
638 1167 710 1218 Dum
721 1169 882 1235 corripitur,
893 1167 956 1218 dum
1010 1183 1011 1186 ¹

153 1234 377 1302 obliganturocu
391 1235 408 1297 i,
429 1235 491 1286 dum
503 1237 589 1287 vestis
600 1237 720 1299 exuitur,
741 1237 865 1304 gentium
887 1237 957 1298 iura,
1010 1273 1011 1276 ,

150 1301 230 1354 Deos
264 1302 352 1353 atrius
364 1303 547 1371 nequidquam
560 1304 631 1371 apud
644 1303 742 1355 surdas
754 1319 835 1356 aures
846 1304 958 1354 invoca-

149 1369 207 1422 bat.
243 1317 298 1422 f'er
311 1369 427 1422 ultimos
441 1371 541 1422 deinde
557 1373 711 1434 eruciatus,
731 1379 829 1438 utpote
847 1371 957 1422 damna-

150 1443 206 1500 tus,
218 1444 246 1489 et
256 1437 376 1488 inimicis
387 1439 414 1487 in
426 1439 542 1505 gratiam
553 1439 629 1506 regis
639 1439 957 1505 torquentibus,laeera-

142 1510 206 1560 tur.
244 1503 285 1554 16.
303 1503 345 1555 Ae
355 1506 444 1570 primo
455 1520 619 1571 quamquam
629 1503 774 1572 hinolgnis
781 1543 789 1568 ,
809 1506 887 1557 illine
897 1521 957 1556 ver-

147 1573 229 1632 bera,
241 1572 296 1621 ianr
307 1587 362 1621 non
374 1571 409 1620 ad
420 1573 621 1638 quaestionem,
633 1572 683 1622 sed
696 1573 730 1622 ad
741 1587 868 1638 poenam,
881 1574 957 1688 inge·

150 1639 299 1700 rebantur3
317 1652 373 1687 non
383 1652 480 1688 vocem
491 1639 585 1698 modo,
605 1639 749 1690 sedetiam
761 1640 891 1706 gemitus,
931 1655 958 1688 a·

150 1707 214 1758 huit
232 1707 260 1754 in
300 1711 430 1755 otestate.
468 1706 507 1756 17.
528 1704 583 1756 Sed
602 1707 958 1771 postquam-intumescens

152 1788 255 1840 eorpus
266 1721 416 1832 uYeerihus,
437 1771 612 1838 flagellorum
623 1773 695 1822 ictus
706 1771 786 1822 nudis
798 1772 907 1825 ossibus
918 1775 958 1824 in·

152 1856 252 1894 eussos
263 1839 338 1891 ferre
349 1854 403 1891 non
414 1847 536 1906 poterat:
548 1839 572 1890 si
584 1841 730 1892 tormentis
740 1837 891 1890 adhibituri
901 1855 958 1890 mo·

152 1911 218 1964 dum
229 1915 335 1968 essent,
348 1908 485 1958 dicturum
496 1923 540 1971 se,
551 1921 622 1974 quae
633 1908 706 1972 scire
717 1914 889 1973 expeterent,
900 1907 959 1974 pol-

150 1979 262 2030 licetur.
300 1977 339 2026 18.
360 1975 416 2028 Sed
431 1975 512 2026 linem
529 1977 685 2043 quaestioni
703 1974 774 2037 lure,
795 1975 887 2025 iurare
908 1987 959 2028 eos

151 2061 207 2114 per
214 2044 365 2096 Alexandri
382 2042 499 2094 salutem
514 2043 639 2105 volebat,
658 2043 852 2110 removerique
872 2048 959 2091 torto-

151 2127 208 2166 res.
244 2112 280 2162 Et
291 2117 408 2177 utroque
419 2112 582 2178 impetrato,
596 2113 711 2162 Cratero
722 2111 825 2176 inquit:
842 2107 885 2160 die
896 2109 960 2175 quill

140 2197 193 2233 *me
203 2178 266 2232 velis
277 2179 372 2231 dicere.
410 2179 450 2230 19.
471 2179 522 2230 lllo
533 2179 713 2248 indignante,
734 2177 871 2228 ludificari
886 2191 957 2238 eum,

150 2262 305 2316 rursusque
315 2253 465 2298 revocante
476 2252 609 2310 tortores,
628 2253 736 2312 tempus
748 2251 843 2310 petere
854 2245 956 2312 coepit,

153 2317 217 2368 (lum
228 2315 368 2383 reciperet
378 2314 514 2382 spiritum,
526 2323 625 2366 cuncta
635 2329 705 2380 quae
717 2313 810 2374 sciret,
822 2313 958 2368 indicatu-

152 2398 210 2435 rus.
245 2385 287 2436 lo.
304 2383 417 2434 lnterim
432 2382 550 2448 equites,
562 2382 751 2433 nobilissimus
762 2382 888 2448 quisque,
900 2381 959 2431 etii

152 2451 287 2513 maxime,
313 2451 360 2518 qui
380 2448 593 2500 Parmenionem
617 2450 769 2516 propinqua
789 2449 957 2516 cognatione

152 2517 362 2586 contingebant,
374 2525 521 2584 postquam
529 2515 669 2568 Philotam
680 2516 804 2583 torqueri
816 2515 890 2567 lama
901 2513 957 2564 vul-

151 2593 278 2654 gaverat,
298 2585 389 2652 legem
399 2583 583 2635 Macedonum
594 2583 685 2645 veriti,
701 2598 755 2650 qua
766 2590 876 2634 cautum
887 2585 956 2642 erat,

150 2662 182 2705 ut
193 2653 341 2722 propinqui
353 2651 509 2718 eorum,qui
520 2654 580 2734 regi
590 2652 714 2704 insidiati
722 2657 877 2710 erant,cum
888 2649 958 2714 ipsis

149 2727 329 2782 necarentur,
345 2719 392 2770 alil
404 2721 625 2784 seinterliorunt,
643 2719 691 2771 alii
701 2720 730 2770 in
740 2717 838 2770 devios
848 2723 959 2768 montes

965 2896 993 2944 Δ
1009 2875 1011 2954 Ι
