2082 3042
315 204 462 257 LIBER
489 203 555 256 v11.
585 203 734 258 cnm.
761 207 786 258 7.
901 205 951 258 289

113 302 115 308 ’
146 307 278 370 infestus,
288 305 324 356 ad
333 305 506 373 Meleagrum
519 311 548 355 et
558 303 719 359 Perdiccam
730 307 811 359 redit
839 309 881 358 22.
894 306 951 359 Sed
1026 345 1027 350 η

145 392 203 426 non
214 375 271 424 alia
280 371 346 424 urbs
356 371 459 424 fortius
470 373 646 424 obsidionem
657 373 732 424 tulit:
753 377 853 442 quippe
864 380 894 426 et
902 378 951 426 mi·
1026 405 1027 408 =

146 443 228 494 litum
259 440 422 492 romtissimi
436 440 578 502 cecidere3
601 442 702 506 etipse
718 456 768 492 rex
778 445 813 492 ad
823 443 950 493 ultimum

146 457 300 576 pericuium
319 509 405 558 uenit:
426 523 543 574 namque
564 509 659 558 cervix
678 507 739 557 eius
759 524 825 560 saxo
841 511 881 560 ita
894 509 952 561 icta

148 582 200 636 cst,
214 582 246 626 ut
256 575 345 626 oculis
356 574 477 642 caligine
489 573 582 624 offusa
592 573 792 636 collaberetur,
806 591 840 626 ne
850 579 950 628 mentis

146 643 259 710 quidem
273 657 400 709 compos3
420 642 559 692 exercitus
576 647 653 694 certe
667 640 745 692 velut
759 648 854 707 erepto
865 656 899 707 eo
910 645 950 694 in-

147 711 260 778 gemuit.
295 711 337 762 23.
358 709 415 760 Sed
424 709 546 759 invictus
557 709 691 760 adversus
702 723 748 770 ea,
760 723 830 774 quae
841 716 950 761 ceteros
1026 715 1027 720 ’

146 784 262 840 terrent,
279 778 400 829 nondum
411 782 560 841 percurato
571 775 697 838 vulnere,
707 777 799 826 acrius
811 774 952 828 obsidioni

146 846 258 908 institit,
270 843 424 895 naturalem
436 842 608 894 celeritatem
618 843 661 892 ira
671 843 838 904 concitante.
870 844 951 895 cuni-

147 913 210 963 culo
223 927 291 979 crgo
303 909 426 961 suffossa
436 909 548 960 moenia
557 909 657 977 ingens
667 911 807 961 nuda'vere
821 910 950 975 spatium,
1026 945 1027 948 κ

146 995 197 1046 per
210 978 285 1045 quod
298 979 407 1044 irrupit,
427 977 571 1043 victorque
585 977 680 1027 urbem
696 976 769 1028 dirui
783 978 873 1028 iussit.
909 977 950 1028 ll.

146 1047 221 1096 Hinc
232 1045 425 1095 Menedemum
436 1059 497 1095 cum
507 1045 544 1094 lll
555 1045 678 1096 millibus
688 1045 812 1111 peditum
824 1044 952 1096 etDccc
1026 1093 1027 1096 ,

147 1112 289 1179 equitibus
309 1111 344 1161 ad
358 1112 455 1162 urbem
470 1112 640 1163 Maracanda
652 1112 738 1163 misit.
776 1109 951 1178 Spitamenes

146 1178 299 1245 transfuga,
310 1179 452 1245 praesidio
464 1179 648 1231 Macedonum
658 1180 723 1231 inde
735 1179 856 1242 deiecto,
867 1181 952 1230 muris

146 1247 223 1297 urbis
244 1247 304 1296 eius
323 1246 476 1298 incluserat
495 1262 539 1308 se;
559 1245 634 1298 haud
646 1248 793 1316 oppidanis
804 1247 952 1299 consilium

147 1313 315 1365 defectionis
334 1329 350 1364 a
370 1315 560 1382 probantibus.
598 1315 683 1383 Sequi
702 1316 952 1366 tamenwideban-

144 1389 199 1444 tur,
220 1381 285 1448 quia
299 1329 369 1448 proi

143 1450 250 1502 xander
258 1449 293 1499 ad
303 1450 420 1500 Tanaim
431 1465 538 1500 amnem
549 1451 635 1512 redit,
656 1456 685 1501 et
696 1458 827 1516 quantum
838 1451 893 1501 soli
904 1467 950 1501 oc-

144 1521 314 1584 cupaverant
329 1518 438 1578 castris,
458 1533 536 1567 muro
553 1516 745 1567 circumdedit.
779 1516 832 1567 Lx
846 1517 952 1570 stadio-

144 1599 205 1634 rum
224 1581 302 1632 urbis
321 1597 416 1633 murus
431 1582 495 1632 fuit:
516 1581 587 1636 hanc
602 1598 713 1649 quoque
727 1585 823 1634 urbem
833 1583 950 1636 Alexan-

146 1651 234 1702 driam
256 1648 391 1714 appellari
410 1649 508 1714 iussit.
545 1650 586 1702 26.
611 1649 687 1714 Opus
707 1656 788 1703 tanta
805 1649 949 1702 celeritate

143 1715 300 1784 perfectum
321 1724 373 1777 est,
393 1722 425 1766 ut
439 1715 547 1766 decimo
562 1716 682 1780 septimo
696 1717 752 1778 dic,
773 1733 854 1782 quam
864 1721 950 1770 muni·

142 1790 238 1836 menta
249 1783 371 1834 excitata
382 1789 470 1843 crant,
479 1789 555 1832 tecta
565 1797 676 1849 quoque
686 1783 762 1832 urbis
773 1783 950 1835 absolveren-

143 1860 198 1905 tur.
234 1851 335 1918 lngens
346 1850 464 1901 militum
476 1856 617 1900 certamen
628 1853 701 1899 inter
711 1851 787 1916 ipsos
799 1850 899 1912 iuerat,
919 1858 950 1902 ut

143 1935 224 1972 suum
243 1920 359 1986 quisque
380 1934 479 1969 munus
506 1918 580 1978 (nam
605 1917 722 1968 divisum
745 1924 817 1978 erat)
845 1919 950 1984 primus

145 1986 316 2038 ostenderet.
334 1987 375 2036 27.
383 1985 495 2036 incolae
507 1999 595 2036 novae
606 1984 668 2036 urbi
681 1983 740 2036 dati
750 1985 948 2051 captiviquos,

142 2054 254 2106 reddito
275 2055 367 2119 pretio
388 2054 521 2115 dominis,
541 2053 683 2114 liberavit,
708 2067 824 2120 quorum
844 2056 950 2118 posteri

143 2137 216 2174 nunc
227 2135 337 2188 quoque
348 2120 470 2172 nondum
479 2122 551 2188 opud
563 2135 613 2172 eos
624 2129 679 2170 tam
690 2120 776 2186 longa
785 2126 878 2170 aetate
886 2135 948 2186 pro-

144 2197 207 2257 pter
218 2188 381 2239 memoriam
391 2189 541 2238 Alexandri
552 2188 744 2239 exoleverunt.

193 2257 252 2309 Vll.
271 2257 306 2306 rit
319 2269 370 2306 rex
384 2253 558 2320 Scytharum,
579 2255 658 2306 cuius
672 2262 730 2308 tum
745 2253 819 2304 ultra
832 2255 947 2305 Tanaim

143 2325 289 2390 imperium
301 2328 375 2384 erat,
386 2329 463 2372 ratus
473 2337 533 2372 eam
543 2323 648 2384 urbem,
660 2337 740 2389 quam
750 2323 778 2370 in
789 2323 947 2388 ripaamais

144 2391 315 2442 Macedones
325 2389 531 2451 condiderant,
544 2389 601 2440 suis
616 2389 773 2455 impositam
784 2403 847 2440 esse
858 2391 946 2441 cervi-

145 2459 236 2520 cibus,
256 2458 371 2510 iratrcm
383 2457 519 2508 Cartasim
539 2456 650 2508 nomine
671 2471 730 2506 cum
751 2473 850 2524 magna
870 2459 946 2524 equi·

144 2532 202 2576 tum
213 2541 295 2576 manu
304 2525 379 2576 misit
390 2525 426 2576 ad
439 2523 600 2575 diruendam
612 2538 682 2586 eam,
703 2525 854 2592 proculque
867 2537 946 2575 amne

143 2592 348 2646 submovendas
371 2593 555 2644 Macedonum
581 2592 686 2657 copias.
729 2593 754 2642 2.
781 2592 946 2642 Bactrianos

143 2662 249 2712 Tanais
260 2661 294 2712 ab
306 2659 429 2727 Scythis,
451 2677 520 2728 quos
534 2659 695 2727 Europaeos
707 2667 816 2720 vocant,
838 2657 945 2710 dividit.

143 2728 220 2845 lderg
230 2729 322 2777 Asiam
334 2735 363 2778 et
374 2727 587 2796 Europamlinis
599 2726 742 2779 interfluit.
779 2727 803 2778 3.
816 2727 946 2777 Ceterum

222 2808 358 2847 uarios.
714 2797 738 2844 ‘l'
817 2819 819 2824 ·

370 1383 448 1434 ibere
460 1399 514 1433 non
524 1389 663 1449 poterant.
700 1385 740 1434 25.
760 1384 873 1434 lnterim
884 1382 950 1434 Ale·
1026 1403 1027 1414 ¹
