<?xml version="1.0" encoding="UTF-8"?>
<!DOCTYPE html PUBLIC "-//W3C//DTD XHTML 1.0 Transitional//EN"
    "http://www.w3.org/TR/xhtml1/DTD/xhtml1-transitional.dtd">
<html xmlns="http://www.w3.org/1999/xhtml" xml:lang="en" lang="en">
 <head>
  <title>
</title>
<meta http-equiv="Content-Type" content="text/html;charset=utf-8" />
  <meta name='ocr-system' content='tesseract 3.04.00' />
  <meta name='ocr-capabilities' content='ocr_page ocr_carea ocr_par ocr_line ocrx_word'/>
</head>
<body>
  <div class='ocr_page' id='page_1' title='image "./qcurtiirufidere00johagoog_0279.png"; bbox 0 0 2082 3042; ppageno 0'>
   <div class='ocr_carea' id='block_1_1' title="bbox 196 149 901 221">
    <p class='ocr_par' dir='ltr' id='par_1_1' title="bbox 196 149 901 221">
     <span class='ocr_line' id='line_1_1' title="bbox 196 149 901 221; baseline -0.001 -1"><span class='ocrx_word' id='word_1_1' title='bbox 196 149 198 159; x_wconf 63' lang='lat'>‘</span> <span class='ocrx_word' id='word_1_2' title='bbox 283 169 432 220; x_wconf 79' lang='lat' dir='ltr'>arara</span> <span class='ocrx_word' id='word_1_3' title='bbox 457 167 523 219; x_wconf 86' lang='lat' dir='ltr'>vu.</span> <span class='ocrx_word' id='word_1_4' title='bbox 554 167 650 220; x_wconf 80' lang='lat' dir='ltr'>cnr.</span> <span class='ocrx_word' id='word_1_5' title='bbox 679 172 702 220; x_wconf 91' lang='lat'>1.</span> <span class='ocrx_word' id='word_1_6' title='bbox 847 169 901 221; x_wconf 77' lang='lat' dir='ltr'>aar</span> 
     </span>
    </p>
   </div>
   <div class='ocr_carea' id='block_1_2' title="bbox 20 269 904 2766">
    <p class='ocr_par' dir='ltr' id='par_1_2' title="bbox 88 269 895 404">
     <span class='ocr_line' id='line_1_2' title="bbox 89 269 895 340; baseline -0.002 -15"><span class='ocrx_word' id='word_1_7' title='bbox 89 270 443 328; x_wconf 80' lang='lat' dir='ltr'>stodiebatarinrinculis.</span> <span class='ocrx_word' id='word_1_8' title='bbox 479 269 604 320; x_wconf 82' lang='lat' dir='ltr'>Eundem</span> <span class='ocrx_word' id='word_1_9' title='bbox 613 271 643 326; x_wconf 90' lang='lat' dir='ltr'>in</span> <span class='ocrx_word' id='word_1_10' title='bbox 651 269 773 338; x_wconf 87' lang='lat' dir='ltr'>Philippi</span> <span class='ocrx_word' id='word_1_11' title='bbox 782 286 895 340; x_wconf 85' lang='lat' dir='ltr'>qaoque</span> 
     </span>
     <span class='ocr_line' id='line_1_3' title="bbox 88 336 894 404; baseline -0.002 -11"><span class='ocrx_word' id='word_1_12' title='bbox 88 341 206 394; x_wconf 83' lang='lat' dir='ltr'>eaedem</span> <span class='ocrx_word' id='word_1_13' title='bbox 218 339 380 390; x_wconf 86' lang='lat' dir='ltr'>coniurasse</span> <span class='ocrx_word' id='word_1_14' title='bbox 392 336 608 397; x_wconf 86' lang='lat' dir='ltr'>eumPausania,</span> <span class='ocrx_word' id='word_1_15' title='bbox 614 350 664 400; x_wconf 90' lang='lat' dir='ltr'>pro</span> <span class='ocrx_word' id='word_1_16' title='bbox 675 346 817 404; x_wconf 88' lang='lat' dir='ltr'>comperto</span> <span class='ocrx_word' id='word_1_17' title='bbox 829 338 894 399; x_wconf 67' lang='lat' dir='ltr'>iuitz</span> 
     </span>
    </p>

    <p class='ocr_par' dir='ltr' id='par_1_3' title="bbox 20 404 896 1205">
     <span class='ocr_line' id='line_1_4' title="bbox 20 404 893 488; baseline -0.002 -28"><span class='ocrx_word' id='word_1_18' title='bbox 20 441 22 470; x_wconf 86' lang='grc'>,</span> <span class='ocrx_word' id='word_1_19' title='bbox 89 408 142 460; x_wconf 89' lang='lat' dir='ltr'>sed</span> <span class='ocrx_word' id='word_1_20' title='bbox 165 405 231 488; x_wconf 60' lang='lat' dir='ltr'>pria</span> <span class='ocrx_word' id='word_1_21' title='bbox 253 407 357 472; x_wconf 85' lang='lat' dir='ltr'>primas</span> <span class='ocrx_word' id='word_1_22' title='bbox 380 404 571 456; x_wconf 80' lang='lat' dir='ltr'><strong>Alexandrum</strong></span> <span class='ocrx_word' id='word_1_23' title='bbox 593 417 688 469; x_wconf 83' lang='lat' dir='ltr'>regern</span> <span class='ocrx_word' id='word_1_24' title='bbox 715 407 893 470; x_wconf 83' lang='lat' dir='ltr'>salutaverat,</span> 
     </span>
     <span class='ocr_line' id='line_1_5' title="bbox 89 469 892 542; baseline -0.002 -14.158"><span class='ocrx_word' id='word_1_25' title='bbox 89 475 230 542; x_wconf 80' lang='lat' dir='ltr'>supplicio</span> <span class='ocrx_word' id='word_1_26' title='bbox 250 473 340 540; x_wconf 81' lang='lat' dir='ltr'>magis</span> <span class='ocrx_word' id='word_1_27' title='bbox 358 487 441 541; x_wconf 81' lang='lat' dir='ltr'>quana</span> <span class='ocrx_word' id='word_1_28' title='bbox 460 471 570 522; x_wconf 86' lang='lat' dir='ltr'>crimini</span> <span class='ocrx_word' id='word_1_29' title='bbox 586 469 681 521; x_wconf 86' lang='lat' dir='ltr'>luerat</span> <span class='ocrx_word' id='word_1_30' title='bbox 699 479 833 524; x_wconf 84' lang='lat' dir='ltr'>exemtus.</span> <span class='ocrx_word' id='word_1_31' title='bbox 866 477 892 527; x_wconf 76' lang='lat' dir='ltr'>l.</span> 
     </span>
     <span class='ocr_line' id='line_1_6' title="bbox 86 540 895 606; baseline 0 -14"><span class='ocrx_word' id='word_1_32' title='bbox 86 544 163 594; x_wconf 85' lang='lat' dir='ltr'>Tum</span> <span class='ocrx_word' id='word_1_33' title='bbox 180 556 289 606; x_wconf 84' lang='lat' dir='ltr'>quoque</span> <span class='ocrx_word' id='word_1_34' title='bbox 299 541 438 606; x_wconf 81' lang='lat' dir='ltr'>Antipatri</span> <span class='ocrx_word' id='word_1_35' title='bbox 451 540 544 590; x_wconf 88' lang='lat' dir='ltr'>soceri</span> <span class='ocrx_word' id='word_1_36' title='bbox 558 540 618 589; x_wconf 88' lang='lat' dir='ltr'>eius</span> <span class='ocrx_word' id='word_1_37' title='bbox 633 552 730 604; x_wconf 86' lang='lat' dir='ltr'>preces</span> <span class='ocrx_word' id='word_1_38' title='bbox 742 540 842 590; x_wconf 87' lang='lat' dir='ltr'>iustam</span> <span class='ocrx_word' id='word_1_39' title='bbox 852 556 895 593; x_wconf 88' lang='lat' dir='ltr'>re-</span> 
     </span>
     <span class='ocr_line' id='line_1_7' title="bbox 88 605 894 677; baseline 0 -17"><span class='ocrx_word' id='word_1_40' title='bbox 88 610 134 677; x_wconf 81' lang='lat' dir='ltr'>gis</span> <span class='ocrx_word' id='word_1_41' title='bbox 144 611 215 658; x_wconf 88' lang='lat' dir='ltr'>iram</span> <span class='ocrx_word' id='word_1_42' title='bbox 224 609 412 660; x_wconf 88' lang='lat' dir='ltr'>morabantur.</span> <span class='ocrx_word' id='word_1_43' title='bbox 450 608 580 658; x_wconf 85' lang='lat' dir='ltr'>Ceterum</span> <span class='ocrx_word' id='word_1_44' title='bbox 593 605 737 657; x_wconf 80' lang='lat' dir='ltr'>recruduit</span> <span class='ocrx_word' id='word_1_45' title='bbox 747 615 894 671; x_wconf 86' lang='lat' dir='ltr'>soporatas</span> 
     </span>
     <span class='ocr_line' id='line_1_8' title="bbox 88 672 895 744; baseline -0.001 -17"><span class='ocrx_word' id='word_1_46' title='bbox 88 677 185 736; x_wconf 87' lang='lat' dir='ltr'>dolor;</span> <span class='ocrx_word' id='word_1_47' title='bbox 205 677 305 744; x_wconf 88' lang='lat' dir='ltr'>quippe</span> <span class='ocrx_word' id='word_1_48' title='bbox 316 675 420 728; x_wconf 72' lang='lat' dir='ltr'>veteris</span> <span class='ocrx_word' id='word_1_49' title='bbox 431 672 549 740; x_wconf 91' lang='lat' dir='ltr'>periculi</span> <span class='ocrx_word' id='word_1_50' title='bbox 564 673 725 723; x_wconf 80' lang='lat' dir='ltr'>memoriam</span> <span class='ocrx_word' id='word_1_51' title='bbox 740 677 895 740; x_wconf 84' lang='lat' dir='ltr'>praesentis</span> 
     </span>
     <span class='ocr_line' id='line_1_9' title="bbox 88 739 896 808; baseline -0.002 -14"><span class='ocrx_word' id='word_1_52' title='bbox 88 759 159 794; x_wconf 87' lang='lat' dir='ltr'>cura</span> <span class='ocrx_word' id='word_1_53' title='bbox 176 743 338 794; x_wconf 86' lang='lat' dir='ltr'>renovabat.</span> <span class='ocrx_word' id='word_1_54' title='bbox 374 742 399 792; x_wconf 83' lang='lat'>8.</span> <span class='ocrx_word' id='word_1_55' title='bbox 421 740 510 808; x_wconf 86' lang='lat' dir='ltr'>igitur</span> <span class='ocrx_word' id='word_1_56' title='bbox 529 739 688 790; x_wconf 74' lang='lat' dir='ltr'>Alexander</span> <span class='ocrx_word' id='word_1_57' title='bbox 711 755 746 791; x_wconf 83' lang='lat' dir='ltr'>ex</span> <span class='ocrx_word' id='word_1_58' title='bbox 766 743 896 792; x_wconf 86' lang='lat' dir='ltr'>custodia</span> 
     </span>
     <span class='ocr_line' id='line_1_10' title="bbox 87 807 894 874; baseline -0.002 -12"><span class='ocrx_word' id='word_1_59' title='bbox 87 812 228 872; x_wconf 74' lang='lat' dir='ltr'>educitur,</span> <span class='ocrx_word' id='word_1_60' title='bbox 241 812 391 874; x_wconf 87' lang='lat' dir='ltr'>iussusque</span> <span class='ocrx_word' id='word_1_61' title='bbox 402 807 507 869; x_wconf 90' lang='lat' dir='ltr'>dicere,</span> <span class='ocrx_word' id='word_1_62' title='bbox 523 822 688 873; x_wconf 90' lang='lat' dir='ltr'>quamquam</span> <span class='ocrx_word' id='word_1_63' title='bbox 699 814 760 859; x_wconf 89' lang='lat' dir='ltr'>toto</span> <span class='ocrx_word' id='word_1_64' title='bbox 773 808 894 860; x_wconf 89' lang='lat' dir='ltr'>triennio</span> 
     </span>
     <span class='ocr_line' id='line_1_11' title="bbox 88 872 895 936; baseline -0.005 -6"><span class='ocrx_word' id='word_1_65' title='bbox 88 879 242 930; x_wconf 87' lang='lat' dir='ltr'>meditatus</span> <span class='ocrx_word' id='word_1_66' title='bbox 254 884 315 928; x_wconf 86' lang='lat' dir='ltr'>erat</span> <span class='ocrx_word' id='word_1_67' title='bbox 326 873 528 936; x_wconf 78' lang='lat' dir='ltr'>defensionem,</span> <span class='ocrx_word' id='word_1_68' title='bbox 547 879 640 924; x_wconf 84' lang='lat' dir='ltr'>tamen</span> <span class='ocrx_word' id='word_1_69' title='bbox 651 872 793 926; x_wconf 73' lang='lat' dir='ltr'>haesitans</span> <span class='ocrx_word' id='word_1_70' title='bbox 804 882 833 926; x_wconf 86' lang='lat' dir='ltr'>et</span> <span class='ocrx_word' id='word_1_71' title='bbox 841 881 895 926; x_wconf 87' lang='lat' dir='ltr'>tre·</span> 
     </span>
     <span class='ocr_line' id='line_1_12' title="bbox 88 942 896 1012; baseline -0.002 -16"><span class='ocrx_word' id='word_1_72' title='bbox 88 945 273 1012; x_wconf 87' lang='lat' dir='ltr'>piduspauca</span> <span class='ocrx_word' id='word_1_73' title='bbox 285 943 376 1004; x_wconf 78' lang='lat' dir='ltr'>exiis,</span> <span class='ocrx_word' id='word_1_74' title='bbox 396 956 467 1006; x_wconf 87' lang='lat' dir='ltr'>quae</span> <span class='ocrx_word' id='word_1_75' title='bbox 486 949 691 1008; x_wconf 77' lang='lat' dir='ltr'>composuerat,</span> <span class='ocrx_word' id='word_1_76' title='bbox 710 942 841 1009; x_wconf 82' lang='lat' dir='ltr'>protulit:</span> <span class='ocrx_word' id='word_1_77' title='bbox 861 945 896 994; x_wconf 90' lang='lat' dir='ltr'>ad</span> 
     </span>
     <span class='ocr_line' id='line_1_13' title="bbox 88 1008 894 1072; baseline -0.002 -8"><span class='ocrx_word' id='word_1_78' title='bbox 88 1008 538 1070; x_wconf 87' lang='lat' dir='ltr'>ultimumnonmemoriasolum,</span> <span class='ocrx_word' id='word_1_79' title='bbox 560 1010 713 1060; x_wconf 89' lang='lat' dir='ltr'>sedetiam</span> <span class='ocrx_word' id='word_1_80' title='bbox 726 1025 813 1072; x_wconf 90' lang='lat' dir='ltr'>mens,</span> <span class='ocrx_word' id='word_1_81' title='bbox 833 1025 894 1062; x_wconf 89' lang='lat' dir='ltr'>eum</span> 
     </span>
     <span class='ocr_line' id='line_1_14' title="bbox 90 1075 896 1144; baseline -0.004 -13"><span class='ocrx_word' id='word_1_82' title='bbox 90 1080 229 1132; x_wconf 69' lang='lat' dir='ltr'>destituit„</span> <span class='ocrx_word' id='word_1_83' title='bbox 265 1075 290 1128; x_wconf 78' lang='lat'>9.</span> <span class='ocrx_word' id='word_1_84' title='bbox 301 1075 379 1127; x_wconf 91' lang='lat' dir='ltr'>Nulli</span> <span class='ocrx_word' id='word_1_85' title='bbox 390 1082 450 1126; x_wconf 87' lang='lat' dir='ltr'>erat</span> <span class='ocrx_word' id='word_1_86' title='bbox 460 1076 581 1139; x_wconf 90' lang='lat' dir='ltr'>dubium,</span> <span class='ocrx_word' id='word_1_87' title='bbox 593 1077 658 1144; x_wconf 85' lang='lat' dir='ltr'>quin</span> <span class='ocrx_word' id='word_1_88' title='bbox 668 1078 820 1144; x_wconf 84' lang='lat' dir='ltr'>trepidatio</span> <span class='ocrx_word' id='word_1_89' title='bbox 831 1093 896 1130; x_wconf 87' lang='lat' dir='ltr'>con-</span> 
     </span>
     <span class='ocr_line' id='line_1_15' title="bbox 89 1145 896 1205; baseline -0.004 -6"><span class='ocrx_word' id='word_1_90' title='bbox 89 1147 228 1199; x_wconf 75' lang='lat' dir='ltr'>scientiae</span> <span class='ocrx_word' id='word_1_91' title='bbox 238 1145 372 1197; x_wconf 88' lang='lat' dir='ltr'>indicium</span> <span class='ocrx_word' id='word_1_92' title='bbox 383 1150 468 1205; x_wconf 84' lang='lat' dir='ltr'>esset,</span> <span class='ocrx_word' id='word_1_93' title='bbox 480 1160 535 1195; x_wconf 90' lang='lat' dir='ltr'>noa</span> <span class='ocrx_word' id='word_1_94' title='bbox 546 1146 698 1196; x_wconf 86' lang='lat' dir='ltr'>memoriae</span> <span class='ocrx_word' id='word_1_95' title='bbox 709 1146 815 1197; x_wconf 80' lang='lat' dir='ltr'>vitium.</span> <span class='ocrx_word' id='word_1_96' title='bbox 843 1145 896 1197; x_wconf 73' lang='lat' dir='ltr'>lta&#39;-</span> 
     </span>
    </p>

    <p class='ocr_par' dir='ltr' id='par_1_4' title="bbox 87 1211 896 1282">
     <span class='ocr_line' id='line_1_16' title="bbox 87 1211 896 1282; baseline -0.002 -16"><span class='ocrx_word' id='word_1_97' title='bbox 87 1229 145 1282; x_wconf 80' lang='lat' dir='ltr'>que</span> <span class='ocrx_word' id='word_1_98' title='bbox 158 1227 193 1264; x_wconf 81' lang='lat' dir='ltr'>ex</span> <span class='ocrx_word' id='word_1_99' title='bbox 202 1214 250 1274; x_wconf 88' lang='lat' dir='ltr'>iis,</span> <span class='ocrx_word' id='word_1_100' title='bbox 262 1213 309 1280; x_wconf 89' lang='lat' dir='ltr'>qui</span> <span class='ocrx_word' id='word_1_101' title='bbox 320 1214 445 1278; x_wconf 83' lang='lat' dir='ltr'>proxime</span> <span class='ocrx_word' id='word_1_102' title='bbox 456 1211 636 1275; x_wconf 87' lang='lat' dir='ltr'>adstiterant,</span> <span class='ocrx_word' id='word_1_103' title='bbox 651 1213 840 1266; x_wconf 81' lang='lat' dir='ltr'>obluctantem</span> <span class='ocrx_word' id='word_1_104' title='bbox 849 1214 896 1264; x_wconf 88' lang='lat' dir='ltr'>ad-</span> 
     </span>
    </p>

    <p class='ocr_par' dir='ltr' id='par_1_5' title="bbox 89 1279 898 1684">
     <span class='ocr_line' id='line_1_17' title="bbox 89 1279 896 1342; baseline -0.002 -8"><span class='ocrx_word' id='word_1_105' title='bbox 89 1281 145 1334; x_wconf 85' lang='lat' dir='ltr'>hue</span> <span class='ocrx_word' id='word_1_106' title='bbox 156 1280 306 1342; x_wconf 89' lang='lat' dir='ltr'>oblivioni,</span> <span class='ocrx_word' id='word_1_107' title='bbox 327 1279 432 1330; x_wconf 84' lang='lat' dir='ltr'>lanceis</span> <span class='ocrx_word' id='word_1_108' title='bbox 447 1279 641 1331; x_wconf 80' lang='lat' dir='ltr'>confoderunt.</span> <span class='ocrx_word' id='word_1_109' title='bbox 679 1283 719 1332; x_wconf 86' lang='lat'>10.</span> <span class='ocrx_word' id='word_1_110' title='bbox 739 1282 824 1333; x_wconf 83' lang='lat' dir='ltr'>Cuius</span> <span class='ocrx_word' id='word_1_111' title='bbox 836 1295 896 1332; x_wconf 89' lang='lat' dir='ltr'>cor-</span> 
     </span>
     <span class='ocr_line' id='line_1_18' title="bbox 89 1347 896 1418; baseline 0.001 -18"><span class='ocrx_word' id='word_1_112' title='bbox 89 1364 160 1418; x_wconf 88' lang='lat' dir='ltr'>pore</span> <span class='ocrx_word' id='word_1_113' title='bbox 181 1348 286 1409; x_wconf 87' lang='lat' dir='ltr'>ablato,</span> <span class='ocrx_word' id='word_1_114' title='bbox 305 1361 356 1399; x_wconf 84' lang='lat' dir='ltr'>rex</span> <span class='ocrx_word' id='word_1_115' title='bbox 373 1348 515 1399; x_wconf 88' lang='lat' dir='ltr'>introduci</span> <span class='ocrx_word' id='word_1_116' title='bbox 532 1347 616 1399; x_wconf 85' lang='lat' dir='ltr'>iussit</span> <span class='ocrx_word' id='word_1_117' title='bbox 628 1349 772 1416; x_wconf 80' lang='lat' dir='ltr'>Amyntam</span> <span class='ocrx_word' id='word_1_118' title='bbox 787 1355 817 1401; x_wconf 89' lang='lat' dir='ltr'>et</span> <span class='ocrx_word' id='word_1_119' title='bbox 828 1349 896 1402; x_wconf 86' lang='lat' dir='ltr'>Sim-</span> 
     </span>
     <span class='ocr_line' id='line_1_19' title="bbox 90 1414 896 1484; baseline 0 -16"><span class='ocrx_word' id='word_1_120' title='bbox 90 1417 186 1469; x_wconf 82' lang='lat' dir='ltr'>miam:</span> <span class='ocrx_word' id='word_1_121' title='bbox 207 1431 270 1466; x_wconf 89' lang='lat' dir='ltr'>nam</span> <span class='ocrx_word' id='word_1_122' title='bbox 284 1414 430 1476; x_wconf 80' lang='lat' dir='ltr'>Polemon,</span> <span class='ocrx_word' id='word_1_123' title='bbox 450 1415 579 1465; x_wconf 86' lang='lat' dir='ltr'>minimus</span> <span class='ocrx_word' id='word_1_124' title='bbox 597 1430 633 1467; x_wconf 83' lang='lat' dir='ltr'>ex</span> <span class='ocrx_word' id='word_1_125' title='bbox 650 1415 792 1480; x_wconf 88' lang='lat' dir='ltr'>fratribus,</span> <span class='ocrx_word' id='word_1_126' title='bbox 813 1433 896 1484; x_wconf 87' lang='lat' dir='ltr'>quum</span> 
     </span>
     <span class='ocr_line' id='line_1_20' title="bbox 91 1482 895 1549; baseline 0 -14"><span class='ocrx_word' id='word_1_127' title='bbox 91 1483 234 1536; x_wconf 82' lang='lat' dir='ltr'>Philotam</span> <span class='ocrx_word' id='word_1_128' title='bbox 261 1483 387 1548; x_wconf 88' lang='lat' dir='ltr'>torqueri</span> <span class='ocrx_word' id='word_1_129' title='bbox 414 1483 612 1546; x_wconf 87' lang='lat' dir='ltr'>comperisset,</span> <span class='ocrx_word' id='word_1_130' title='bbox 639 1482 723 1549; x_wconf 85' lang='lat' dir='ltr'>profu</span> <span class='ocrx_word' id='word_1_131' title='bbox 744 1489 812 1534; x_wconf 80' lang='lat' dir='ltr'>erat</span> <span class='ocrx_word' id='word_1_132' title='bbox 855 1487 895 1535; x_wconf 91' lang='lat' dir='ltr'>ll.</span> 
     </span>
     <span class='ocr_line' id='line_1_21' title="bbox 93 1499 898 1619; baseline 0.001 -17"><span class='ocrx_word' id='word_1_133' title='bbox 93 1552 224 1603; x_wconf 84' lang='lat' dir='ltr'>Omnium</span> <span class='ocrx_word' id='word_1_134' title='bbox 234 1547 365 1617; x_wconf 77' lang='lat' dir='ltr'>Philotae</span> <span class='ocrx_word' id='word_1_135' title='bbox 377 1549 529 1598; x_wconf 87' lang='lat' dir='ltr'>amicorum</span> <span class='ocrx_word' id='word_1_136' title='bbox 540 1546 568 1597; x_wconf 92' lang='lat' dir='ltr'>hi</span> <span class='ocrx_word' id='word_1_137' title='bbox 580 1548 716 1619; x_wconf 82' lang='lat' dir='ltr'>carissimi</span> <span class='ocrx_word' id='word_1_138' title='bbox 725 1499 850 1612; x_wconf 48' lang='lat' dir='ltr'>haerent,</span> <span class='ocrx_word' id='word_1_139' title='bbox 861 1555 898 1603; x_wconf 75' lang='lat' dir='ltr'>ad</span> 
     </span>
     <span class='ocr_line' id='line_1_22' title="bbox 91 1614 897 1684; baseline -0.002 -14"><span class='ocrx_word' id='word_1_140' title='bbox 91 1632 196 1684; x_wconf 84' lang='lat' dir='ltr'>magna</span> <span class='ocrx_word' id='word_1_141' title='bbox 211 1621 240 1666; x_wconf 89' lang='lat' dir='ltr'>et</span> <span class='ocrx_word' id='word_1_142' title='bbox 253 1614 391 1667; x_wconf 85' lang='lat' dir='ltr'>honorata</span> <span class='ocrx_word' id='word_1_143' title='bbox 404 1615 561 1664; x_wconf 84' lang='lat' dir='ltr'>ministeria</span> <span class='ocrx_word' id='word_1_144' title='bbox 577 1614 653 1665; x_wconf 89' lang='lat' dir='ltr'>illius</span> <span class='ocrx_word' id='word_1_145' title='bbox 667 1618 785 1667; x_wconf 85' lang='lat' dir='ltr'>maxime</span> <span class='ocrx_word' id='word_1_146' title='bbox 799 1617 897 1668; x_wconf 78' lang='lat' dir='ltr'>suffra-</span> 
     </span>
    </p>

    <p class='ocr_par' dir='ltr' id='par_1_6' title="bbox 20 1682 900 1882">
     <span class='ocr_line' id='line_1_23' title="bbox 20 1682 899 1754; baseline -0.002 -17"><span class='ocrx_word' id='word_1_147' title='bbox 20 1741 21 1750; x_wconf 43' lang='lat'>,</span> <span class='ocrx_word' id='word_1_148' title='bbox 93 1687 210 1754; x_wconf 84' lang='lat' dir='ltr'>gatione</span> <span class='ocrx_word' id='word_1_149' title='bbox 220 1683 362 1751; x_wconf 86' lang='lat' dir='ltr'>producti:</span> <span class='ocrx_word' id='word_1_150' title='bbox 382 1682 547 1731; x_wconf 87' lang='lat' dir='ltr'>meminerat</span> <span class='ocrx_word' id='word_1_151' title='bbox 565 1695 600 1730; x_wconf 92' lang='lat' dir='ltr'>ue</span> <span class='ocrx_word' id='word_1_152' title='bbox 611 1683 669 1742; x_wconf 82' lang='lat' dir='ltr'>rex,</span> <span class='ocrx_word' id='word_1_153' title='bbox 688 1685 899 1736; x_wconf 84' lang='lat' dir='ltr'>summostadio</span> 
     </span>
     <span class='ocr_line' id='line_1_24' title="bbox 20 1747 900 1818; baseline -0.002 -13"><span class='ocrx_word' id='word_1_154' title='bbox 20 1757 21 1772; x_wconf 66' lang='lat'>¹</span> <span class='ocrx_word' id='word_1_155' title='bbox 92 1755 129 1806; x_wconf 80' lang='lat' dir='ltr'>ab</span> <span class='ocrx_word' id='word_1_156' title='bbox 143 1767 179 1803; x_wconf 91' lang='lat' dir='ltr'>eo</span> <span class='ocrx_word' id='word_1_157' title='bbox 191 1748 436 1810; x_wconf 82' lang='lat' dir='ltr'>conciliatossibi3</span> <span class='ocrx_word' id='word_1_158' title='bbox 457 1762 509 1798; x_wconf 89' lang='lat' dir='ltr'>nec</span> <span class='ocrx_word' id='word_1_159' title='bbox 520 1747 556 1797; x_wconf 88' lang='lat' dir='ltr'>du</span> <span class='ocrx_word' id='word_1_160' title='bbox 576 1747 672 1811; x_wconf 86' lang='lat' dir='ltr'>itabat,</span> <span class='ocrx_word' id='word_1_161' title='bbox 692 1747 773 1802; x_wconf 89' lang='lat' dir='ltr'>huius</span> <span class='ocrx_word' id='word_1_162' title='bbox 788 1765 900 1818; x_wconf 86' lang='lat' dir='ltr'>quoque</span> 
     </span>
     <span class='ocr_line' id='line_1_25' title="bbox 94 1815 900 1882; baseline -0.004 -10"><span class='ocrx_word' id='word_1_163' title='bbox 94 1821 186 1872; x_wconf 85' lang='lat' dir='ltr'>ultimi</span> <span class='ocrx_word' id='word_1_164' title='bbox 197 1817 310 1870; x_wconf 86' lang='lat' dir='ltr'>consilii</span> <span class='ocrx_word' id='word_1_165' title='bbox 320 1815 408 1867; x_wconf 84' lang='lat' dir='ltr'>luisse</span> <span class='ocrx_word' id='word_1_166' title='bbox 419 1815 579 1882; x_wconf 84' lang='lat' dir='ltr'>participes.</span> <span class='ocrx_word' id='word_1_167' title='bbox 616 1817 656 1866; x_wconf 81' lang='lat'>12.</span> <span class='ocrx_word' id='word_1_168' title='bbox 671 1817 768 1882; x_wconf 78' lang='lat' dir='ltr'>Igitur,</span> <span class='ocrx_word' id='word_1_169' title='bbox 781 1817 847 1869; x_wconf 93' lang='lat' dir='ltr'>olim</span> <span class='ocrx_word' id='word_1_170' title='bbox 858 1833 900 1870; x_wconf 85' lang='lat' dir='ltr'>es-</span> 
     </span>
    </p>

    <p class='ocr_par' dir='ltr' id='par_1_7' title="bbox 93 1882 901 2016">
     <span class='ocr_line' id='line_1_26' title="bbox 94 1882 901 1951; baseline -0.002 -11"><span class='ocrx_word' id='word_1_171' title='bbox 94 1904 126 1940; x_wconf 87' lang='lat' dir='ltr'>se</span> <span class='ocrx_word' id='word_1_172' title='bbox 139 1887 193 1938; x_wconf 84' lang='lat' dir='ltr'>sibi</span> <span class='ocrx_word' id='word_1_173' title='bbox 203 1891 350 1951; x_wconf 88' lang='lat' dir='ltr'>suspectos</span> <span class='ocrx_word' id='word_1_174' title='bbox 362 1883 459 1936; x_wconf 88' lang='lat' dir='ltr'>matris</span> <span class='ocrx_word' id='word_1_175' title='bbox 470 1897 537 1933; x_wconf 86' lang='lat' dir='ltr'>suae</span> <span class='ocrx_word' id='word_1_176' title='bbox 548 1882 647 1945; x_wconf 87' lang='lat' dir='ltr'>literis,</span> <span class='ocrx_word' id='word_1_177' title='bbox 658 1885 757 1950; x_wconf 86' lang='lat' dir='ltr'>quihus</span> <span class='ocrx_word' id='word_1_178' title='bbox 768 1892 845 1937; x_wconf 84' lang='lat' dir='ltr'>esset</span> <span class='ocrx_word' id='word_1_179' title='bbox 854 1887 901 1938; x_wconf 81' lang='lat' dir='ltr'>atl-</span> 
     </span>
     <span class='ocr_line' id='line_1_27' title="bbox 93 1950 901 2016; baseline -0.005 -8"><span class='ocrx_word' id='word_1_180' title='bbox 93 1956 228 2016; x_wconf 88' lang='lat' dir='ltr'>monitus,</span> <span class='ocrx_word' id='word_1_181' title='bbox 243 1959 276 2004; x_wconf 89' lang='lat' dir='ltr'>ut</span> <span class='ocrx_word' id='word_1_182' title='bbox 285 1951 319 2002; x_wconf 90' lang='lat' dir='ltr'>ab</span> <span class='ocrx_word' id='word_1_183' title='bbox 330 1950 373 2002; x_wconf 92' lang='lat' dir='ltr'>his</span> <span class='ocrx_word' id='word_1_184' title='bbox 379 1952 503 2008; x_wconf 39' lang='lat' dir='ltr'>,salutem</span> <span class='ocrx_word' id='word_1_185' title='bbox 513 1965 591 2001; x_wconf 87' lang='lat' dir='ltr'>suam</span> <span class='ocrx_word' id='word_1_186' title='bbox 599 1955 734 2003; x_wconf 87' lang='lat' dir='ltr'>tueretur.</span> <span class='ocrx_word' id='word_1_187' title='bbox 771 1954 901 2004; x_wconf 81' lang='lat' dir='ltr'>ceterum</span> 
     </span>
    </p>

    <p class='ocr_par' dir='ltr' id='par_1_8' title="bbox 20 2018 902 2358">
     <span class='ocr_line' id='line_1_28' title="bbox 20 2018 902 2081; baseline -0.007 -3"><span class='ocrx_word' id='word_1_188' title='bbox 20 2075 21 2078; x_wconf 76' lang='grc'>,</span> <span class='ocrx_word' id='word_1_189' title='bbox 95 2039 126 2074; x_wconf 89' lang='lat' dir='ltr'>se</span> <span class='ocrx_word' id='word_1_190' title='bbox 137 2023 255 2073; x_wconf 85' lang='lat' dir='ltr'>invitum</span> <span class='ocrx_word' id='word_1_191' title='bbox 266 2019 409 2070; x_wconf 86' lang='lat' dir='ltr'>deteriora</span> <span class='ocrx_word' id='word_1_192' title='bbox 419 2018 591 2081; x_wconf 80' lang='lat' dir='ltr'>credentem,</span> <span class='ocrx_word' id='word_1_193' title='bbox 609 2035 682 2070; x_wconf 88' lang='lat' dir='ltr'>nunc</span> <span class='ocrx_word' id='word_1_194' title='bbox 694 2020 851 2072; x_wconf 83' lang='lat' dir='ltr'>manifestis</span> <span class='ocrx_word' id='word_1_195' title='bbox 861 2022 902 2072; x_wconf 91' lang='lat' dir='ltr'>in·</span> 
     </span>
     <span class='ocr_line' id='line_1_29' title="bbox 20 2085 901 2155; baseline -0.002 -13"><span class='ocrx_word' id='word_1_196' title='bbox 20 2099 22 2150; x_wconf 80' lang='lat' dir='ltr'>t</span> <span class='ocrx_word' id='word_1_197' title='bbox 95 2090 178 2142; x_wconf 88' lang='lat' dir='ltr'>dioiis</span> <span class='ocrx_word' id='word_1_198' title='bbox 189 2090 302 2150; x_wconf 87' lang='lat' dir='ltr'>vietum,</span> <span class='ocrx_word' id='word_1_199' title='bbox 313 2087 430 2138; x_wconf 87' lang='lat' dir='ltr'>iussisse</span> <span class='ocrx_word' id='word_1_200' title='bbox 442 2085 550 2137; x_wconf 84' lang='lat' dir='ltr'>vinciri.</span> <span class='ocrx_word' id='word_1_201' title='bbox 586 2087 627 2138; x_wconf 80' lang='lat'>13.</span> <span class='ocrx_word' id='word_1_202' title='bbox 638 2085 709 2138; x_wconf 85' lang='lat' dir='ltr'>Nam</span> <span class='ocrx_word' id='word_1_203' title='bbox 718 2089 809 2154; x_wconf 87' lang='lat' dir='ltr'>pridie</span> <span class='ocrx_word' id='word_1_204' title='bbox 820 2105 901 2155; x_wconf 85' lang='lat' dir='ltr'>quam</span> 
     </span>
     <span class='ocr_line' id='line_1_30' title="bbox 20 2151 901 2224; baseline -0.003 -14"><span class='ocrx_word' id='word_1_205' title='bbox 20 2151 21 2178; x_wconf 63' lang='lat'>¹</span> <span class='ocrx_word' id='word_1_206' title='bbox 94 2159 279 2224; x_wconf 85' lang='lat' dir='ltr'>detegeretur</span> <span class='ocrx_word' id='word_1_207' title='bbox 297 2153 428 2206; x_wconf 87' lang='lat' dir='ltr'>Philotae</span> <span class='ocrx_word' id='word_1_208' title='bbox 447 2153 549 2216; x_wconf 86' lang='lat' dir='ltr'>scelus,</span> <span class='ocrx_word' id='word_1_209' title='bbox 569 2157 634 2221; x_wconf 93' lang='lat' dir='ltr'>quin</span> <span class='ocrx_word' id='word_1_210' title='bbox 654 2163 764 2206; x_wconf 84' lang='lat' dir='ltr'>secreto</span> <span class='ocrx_word' id='word_1_211' title='bbox 785 2171 847 2206; x_wconf 84' lang='lat' dir='ltr'>cum</span> <span class='ocrx_word' id='word_1_212' title='bbox 866 2171 901 2207; x_wconf 92' lang='lat' dir='ltr'>eo</span> 
     </span>
     <span class='ocr_line' id='line_1_31' title="bbox 20 2181 902 2292; baseline -0.006 -12"><span class='ocrx_word' id='word_1_213' title='bbox 20 2181 22 2280; x_wconf 54' lang='lat' dir='ltr'>i</span> <span class='ocrx_word' id='word_1_214' title='bbox 94 2225 225 2286; x_wconf 83' lang='lat' dir='ltr'>fuissent,</span> <span class='ocrx_word' id='word_1_215' title='bbox 237 2239 294 2274; x_wconf 91' lang='lat' dir='ltr'>noa</span> <span class='ocrx_word' id='word_1_216' title='bbox 304 2237 387 2289; x_wconf 86' lang='lat' dir='ltr'>posse</span> <span class='ocrx_word' id='word_1_217' title='bbox 399 2221 528 2272; x_wconf 89' lang='lat' dir='ltr'>dubitari.</span> <span class='ocrx_word' id='word_1_218' title='bbox 555 2221 682 2272; x_wconf 88' lang='lat' dir='ltr'>Fratrem</span> <span class='ocrx_word' id='word_1_219' title='bbox 692 2237 770 2284; x_wconf 82' lang='lat' dir='ltr'>vero,</span> <span class='ocrx_word' id='word_1_220' title='bbox 781 2225 828 2288; x_wconf 85' lang='lat' dir='ltr'>qai</span> <span class='ocrx_word' id='word_1_221' title='bbox 837 2239 902 2292; x_wconf 88' lang='lat' dir='ltr'>pro·</span> 
     </span>
     <span class='ocr_line' id='line_1_32' title="bbox 95 2286 902 2358; baseline -0.002 -14"><span class='ocrx_word' id='word_1_222' title='bbox 95 2292 212 2358; x_wconf 81' lang='lat' dir='ltr'>fugerit,</span> <span class='ocrx_word' id='word_1_223' title='bbox 232 2307 314 2358; x_wconf 87' lang='lat' dir='ltr'>quum</span> <span class='ocrx_word' id='word_1_224' title='bbox 327 2289 362 2342; x_wconf 90' lang='lat' dir='ltr'>de</span> <span class='ocrx_word' id='word_1_225' title='bbox 372 2286 486 2340; x_wconf 89' lang='lat' dir='ltr'>Philota</span> <span class='ocrx_word' id='word_1_226' title='bbox 496 2295 685 2355; x_wconf 86' lang='lat' dir='ltr'>quaereretur,</span> <span class='ocrx_word' id='word_1_227' title='bbox 707 2292 849 2356; x_wconf 86' lang='lat' dir='ltr'>aperuisse</span> <span class='ocrx_word' id='word_1_228' title='bbox 859 2291 902 2342; x_wconf 87' lang='lat' dir='ltr'>iu·</span> 
     </span>
    </p>

    <p class='ocr_par' dir='ltr' id='par_1_9' title="bbox 116 2355 902 2426">
     <span class='ocr_line' id='line_1_33' title="bbox 116 2355 902 2426; baseline 0 -16"><span class='ocrx_word' id='word_1_229' title='bbox 116 2375 151 2410; x_wconf 87' lang='lat' dir='ltr'>ae</span> <span class='ocrx_word' id='word_1_230' title='bbox 164 2373 285 2410; x_wconf 87' lang='lat' dir='ltr'>eausam.</span> <span class='ocrx_word' id='word_1_231' title='bbox 322 2356 362 2408; x_wconf 84' lang='lat' dir='ltr'>ll.</span> <span class='ocrx_word' id='word_1_232' title='bbox 381 2355 477 2422; x_wconf 89' lang='lat' dir='ltr'>Nuper</span> <span class='ocrx_word' id='word_1_233' title='bbox 485 2362 597 2426; x_wconf 87' lang='lat' dir='ltr'>praeter</span> <span class='ocrx_word' id='word_1_234' title='bbox 607 2357 848 2422; x_wconf 87' lang='lat' dir='ltr'>consuetudinem,</span> <span class='ocrx_word' id='word_1_235' title='bbox 860 2359 902 2412; x_wconf 87' lang='lat' dir='ltr'>oi·</span> 
     </span>
    </p>

    <p class='ocr_par' dir='ltr' id='par_1_10' title="bbox 89 2377 904 2766">
     <span class='ocr_line' id='line_1_34' title="bbox 89 2377 902 2544; baseline 0.002 -66"><span class='ocrx_word' id='word_1_236' title='bbox 89 2377 155 2478; x_wconf 59' lang='lat' dir='ltr'>¹herii</span> <span class='ocrx_word' id='word_1_237' title='bbox 167 2429 270 2544; x_wconf 84' lang='lat' dir='ltr'>specie,</span> <span class='ocrx_word' id='word_1_238' title='bbox 281 2426 382 2476; x_wconf 91' lang='lat' dir='ltr'>amotis</span> <span class='ocrx_word' id='word_1_239' title='bbox 393 2424 506 2491; x_wconf 82' lang='lat' dir='ltr'>longius</span> <span class='ocrx_word' id='word_1_240' title='bbox 518 2424 790 2485; x_wconf 85' lang='lat' dir='ltr'>ceteris,admovisse</span> <span class='ocrx_word' id='word_1_241' title='bbox 801 2434 902 2480; x_wconf 88' lang='lat' dir='ltr'>semet·</span> 
     </span>
     <span class='ocr_line' id='line_1_35' title="bbox 93 2490 902 2563; baseline -0.001 -16"><span class='ocrx_word' id='word_1_242' title='bbox 93 2495 175 2563; x_wconf 85' lang='lat' dir='ltr'>ipsos</span> <span class='ocrx_word' id='word_1_243' title='bbox 197 2496 268 2545; x_wconf 84' lang='lat' dir='ltr'>ateri</span> <span class='ocrx_word' id='word_1_244' title='bbox 280 2509 345 2553; x_wconf 81' lang='lat' dir='ltr'>suo,</span> <span class='ocrx_word' id='word_1_245' title='bbox 356 2492 433 2543; x_wconf 89' lang='lat' dir='ltr'>nulla</span> <span class='ocrx_word' id='word_1_246' title='bbox 443 2490 582 2559; x_wconf 85' lang='lat' dir='ltr'>probabili</span> <span class='ocrx_word' id='word_1_247' title='bbox 592 2507 686 2543; x_wconf 86' lang='lat' dir='ltr'>eausa:</span> <span class='ocrx_word' id='word_1_248' title='bbox 706 2507 791 2562; x_wconf 89' lang='lat' dir='ltr'>seque</span> <span class='ocrx_word' id='word_1_249' title='bbox 802 2497 902 2546; x_wconf 88' lang='lat' dir='ltr'>miran·</span> 
     </span>
     <span class='ocr_line' id='line_1_36' title="bbox 93 2557 904 2629; baseline -0.004 -15"><span class='ocrx_word' id='word_1_250' title='bbox 93 2569 163 2625; x_wconf 86' lang='lat' dir='ltr'>tem,</span> <span class='ocrx_word' id='word_1_251' title='bbox 183 2561 259 2629; x_wconf 89' lang='lat' dir='ltr'>quod</span> <span class='ocrx_word' id='word_1_252' title='bbox 274 2576 331 2612; x_wconf 88' lang='lat' dir='ltr'>non</span> <span class='ocrx_word' id='word_1_253' title='bbox 346 2561 407 2610; x_wconf 89' lang='lat' dir='ltr'>vice</span> <span class='ocrx_word' id='word_1_254' title='bbox 423 2575 475 2610; x_wconf 84' lang='lat' dir='ltr'>sua</span> <span class='ocrx_word' id='word_1_255' title='bbox 488 2558 540 2610; x_wconf 87' lang='lat' dir='ltr'>tali</span> <span class='ocrx_word' id='word_1_256' title='bbox 553 2557 735 2626; x_wconf 81' lang='lat' dir='ltr'>iungerentur</span> <span class='ocrx_word' id='word_1_257' title='bbox 750 2563 853 2624; x_wconf 86' lang='lat' dir='ltr'>cilicia,</span> <span class='ocrx_word' id='word_1_258' title='bbox 874 2566 904 2612; x_wconf 85' lang='lat' dir='ltr'>et</span> 
     </span>
     <span class='ocr_line' id='line_1_37' title="bbox 95 2627 902 2698; baseline -0.004 -17"><span class='ocrx_word' id='word_1_259' title='bbox 95 2633 158 2698; x_wconf 91' lang='lat' dir='ltr'>ipsa</span> <span class='ocrx_word' id='word_1_260' title='bbox 169 2627 358 2697; x_wconf 84' lang='lat' dir='ltr'>trepidatione</span> <span class='ocrx_word' id='word_1_261' title='bbox 374 2642 471 2680; x_wconf 88' lang='lat' dir='ltr'>eorum</span> <span class='ocrx_word' id='word_1_262' title='bbox 484 2629 671 2693; x_wconf 83' lang='lat' dir='ltr'>perterritum,</span> <span class='ocrx_word' id='word_1_263' title='bbox 691 2635 804 2682; x_wconf 86' lang='lat' dir='ltr'>strenue</span> <span class='ocrx_word' id='word_1_264' title='bbox 814 2629 850 2679; x_wconf 90' lang='lat' dir='ltr'>ad</span> <span class='ocrx_word' id='word_1_265' title='bbox 859 2643 902 2679; x_wconf 89' lang='lat' dir='ltr'>ar·</span> 
     </span>
     <span class='ocr_line' id='line_1_38' title="bbox 95 2694 902 2766; baseline -0.005 -16"><span class='ocrx_word' id='word_1_266' title='bbox 95 2699 232 2766; x_wconf 84' lang='lat' dir='ltr'>migeros,</span> <span class='ocrx_word' id='word_1_267' title='bbox 254 2694 300 2760; x_wconf 90' lang='lat' dir='ltr'>qui</span> <span class='ocrx_word' id='word_1_268' title='bbox 312 2696 436 2759; x_wconf 84' lang='lat' dir='ltr'>proxime</span> <span class='ocrx_word' id='word_1_269' title='bbox 447 2695 643 2760; x_wconf 86' lang='lat' dir='ltr'>sequebantur,</span> <span class='ocrx_word' id='word_1_270' title='bbox 662 2698 823 2749; x_wconf 87' lang='lat' dir='ltr'>recessisse.</span> <span class='ocrx_word' id='word_1_271' title='bbox 861 2697 902 2747; x_wconf 78' lang='lat' dir='ltr'>lt.</span> 
     </span>
    </p>
   </div>
   <div class='ocr_carea' id='block_1_3' title="bbox 0 0 1055 3042">
    <p class='ocr_par' dir='ltr' id='par_1_11' title="bbox 0 0 1055 3042">
     <span class='ocr_line' id='line_1_39' title="bbox 0 0 1055 3042; baseline 0 0"><span class='ocrx_word' id='word_1_272' title='bbox 0 0 1055 3042; x_wconf 95' lang='lat' dir='ltr'> </span> 
     </span>
    </p>
   </div>
  </div>
 </body>
</html>
