2082 3042
107 217 157 272 344
328 209 698 271 oulnrrcuarrr

108 334 161 370 cua
180 321 241 367 erat
260 312 294 364 ab
313 313 442 364 hostibus
457 314 525 381 ripa,
547 325 618 378 quae
634 311 795 378 petebatur3
815 312 919 379 quippe

108 384 198 437 adhue
213 381 304 432 Porus
318 380 511 431 Ptolemaeum
528 385 636 430 tantum
651 380 822 431 intuebatur.
857 380 920 432 Una

108 467 177 520 ergo
189 449 261 512 navi,
273 463 353 516 quam
364 453 460 516 petrae
471 446 574 510 fluctus
583 446 713 511 illiserat,
724 445 918 511 haerente,ce·

107 529 185 572 terae
196 519 329 580 evadunt;
350 530 481 583 armaque
493 529 594 582 capere
605 514 720 578 milites,
740 521 769 566 et
777 516 820 566 ire
830 515 861 565 in
874 530 921 567 or·

107 589 185 638 dines
196 586 287 636 iussit.

156 654 230 707 XIV.
250 653 306 704 lam
327 667 362 703 ue
381 665 482 720 agmen
497 649 648 702 in'eornua
662 649 781 702 divisum
796 653 857 718 ipse
869 653 919 704 du·
957 713 959 716 ,

106 723 200 786 cebat3
220 718 304 789 quum
344 734 394 770 oro
415 719 567 780 nuntiatur,
589 719 674 773 armis
687 719 811 786 virisque
827 723 919 787 ripam

107 791 237 850 obtineri,
261 795 289 839 et
298 802 390 838 rerum
403 787 503 838 adesse
515 784 672 837 discrimen.
707 787 746 836 Ac
755 787 856 854 primo,
868 786 918 840 hu·

105 858 182 911 maai
201 857 308 924 ingenii
327 855 397 906 vitio
417 854 478 921 spei
498 867 565 905 suae
585 853 747 920 indulgens,
768 854 917 907 Abisarem

105 925 175 978 belli
193 925 304 990 socium
313 926 355 987 (et
364 923 406 973 ita
417 921 599 984 convenerat)
610 920 761 973 adventare
772 923 920 975 credebat.

105 996 130 1045 2.
149 993 219 1045 Mox
229 991 381 1058 liquidiore
392 991 455 1042 luce
467 991 610 1056 aperiente
625 987 746 1053 hostem,
767 992 789 1042 G
805 991 917 1058 quadri·

126 1078 166 1125 as,
187 1065 216 1111 et
228 1060 279 1111 llll
292 1058 382 1110 millia
397 1058 521 1126 equitum
535 1057 659 1110 venienti
675 1057 780 1126 agmini
801 1059 916 1110 obiecit.

105 1077 171 1180 hux
191 1133 252 1180 erat
271 1127 424 1193 copiarum,
445 1141 513 1193 quas
531 1125 689 1192 praemisit,
710 1125 808 1192 Hages
827 1125 921 1178 irater·

105 1197 207 1264 ipsius:
228 1209 334 1246 summa
353 1195 453 1245 virium
472 1195 501 1244 in
522 1193 657 1244 curribus.
694 1193 718 1244 3.
738 1193 828 1246 Senos
840 1193 920 1246 viros

106 1257 377 1396 {raritatibus
393 1259 923 1396 ittitltrttutltttgtttlb

554 1364 562 1391 i

107 1395 181 1450 baud
191 1409 258 1446 sane
269 1396 403 1458 inermes;
424 1395 525 1463 quippe
535 1395 628 1447 iacula
638 1397 790 1464 complura,
812 1397 859 1448 ubi
870 1411 920 1449 eo·

106 1464 197 1516 nanus
207 1462 401 1528 proeliandum
413 1469 482 1525 erat,
500 1463 612 1515 omissis
623 1463 749 1527 habenis,
765 1464 794 1515 in
805 1463 919 1518 hostem

105 1531 280 1600 ingerebant.
316 1532 342 1583 4.
363 1533 494 1584 Ceterum
504 1531 712 1583 vixullususus
724 1530 920 1585 huiasauxilil

108 1615 142 1652 eo
159 1599 203 1650 die
219 1597 282 1649 fuit.
318 1597 389 1650 Nam
410 1615 454 1661 ue,
474 1605 609 1666 utsupra
630 1601 735 1651 dictum
755 1607 807 1662 est,
826 1601 921 1652 imber

106 1667 258 1720 violentius
297 1683 360 1718 uam
380 1615 450 1719 ιιῖἱιε
469 1668 549 1718 fusus
570 1680 685 1734 campos
698 1668 822 1720 lubricos
838 1669 918 1732 etip-

107 1679 407 1804 eqnitahilessiccerat:
429 1750 595 1804 gravesque,
617 1740 645 1786 et
654 1734 859 1802 propemodum
867 1737 919 1787 im·

106 1803 226 1855 mobiles
240 1818 338 1854 currus
348 1803 445 1854 illuvie
457 1817 490 1853 ac
500 1804 681 1870 voraginibus
692 1801 855 1854 haerebant
891 1803 917 1856 b.

107 1871 212 1924 Contra
221 1871 380 1922 Alexander
399 1871 530 1938 expedito
550 1870 658 1921 aeleri
677 1871 787 1939 agmine
802 1877 920 1924 strenue

105 1940 232 1990 invectus
248 1945 300 1990 est.
337 1937 459 2005 Scythae
471 1944 499 1989 et
509 1936 605 1989 Dahae
615 1939 698 2005 primi
709 1940 831 1990 omnium
840 1940 919 1990 inva-

106 2019 169 2058 sere
180 2006 276 2059 lndos:
297 2005 460 2058 Perdiccam
473 2005 573 2057 deiude
587 2021 649 2056 cum
660 2007 801 2073 equitibus
812 2007 842 2057 in
851 2008 918 2059 dex-

105 2081 178 2125 trum
196 2088 283 2126 cornu
299 2071 422 2125 hostium
441 2073 542 2124 emisit.
578 2073 602 2125 6.
621 2073 813 2155 {amandique
823 2090 861 2142 pu
902 2089 919 2124 a

107 2157 136 2193 se
148 2147 287 2206 moverat3
307 2158 389 2208 quum
400 2143 430 2204 ii,
450 2140 498 2208 qui
512 2155 636 2192 currusa
658 2140 750 2205 ebant,
770 2141 843 2193 rllud
852 2159 871 2194 u
882 2143 917 2192 ti-

104 2224 179 2263 mum
189 2210 323 2261 aaxiliam
333 2225 446 2280 suorum
456 2207 623 2273 rati,elfasis
635 2157 751 2261 habenis
757 2211 786 2260 in
793 2210 920 2262 medium

93 2276 256 2329 ‘discrimen
274 2292 357 2329 ruere
378 2282 540 2344 coeperunt.
584 2277 609 2328 t.
636 2278 745 2344 Anceps
764 2277 795 2328 id
812 2278 919 2330 malum

80 2399 84 2407 ,
104 2344 231 2409 utrisque
242 2351 315 2396 erat:
336 2361 398 2396 nam
410 2351 439 2396 et
447 2344 633 2396 Macedonum
645 2344 754 2410 pedites
766 2345 856 2411 primo
866 2346 918 2398 lm·

104 2417 173 2476 peta
182 2410 390 2476 obterebantur,
402 2419 431 2464 et
440 2427 491 2481 per
499 2411 609 2464 lubrica
618 2418 701 2480 atque
712 2412 788 2463 invia
797 2411 919 2465 immissi

105 2492 203 2530 currus
224 2480 404 2532 excutiebant
423 2495 486 2542 eos,
515 2495 532 2532 a
551 2481 651 2546 quibus
670 2481 850 2547 regebantur.
875 2481 916 2532 ·8.

104 2545 229 2598 Aliorum
239 2546 344 2598 turbati
355 2549 419 2615 equi
430 2562 486 2598 non
496 2546 525 2598 in
535 2547 684 2614 voragines
695 2547 779 2598 modo
787 2547 920 2599 lacunas·

103 2626 168 2727 gua,
188 2613 239 2664 sed
260 2614 344 2664 etiam
365 2615 394 2665 in
409 2629 517 2666 amnem
530 2615 751 2681 praecipitavere
763 2615 918 2669 curricula.

122 2712 129 2726 .
149 2677 245 2741 Pauci,
265 2679 330 2730 telis
351 2679 474 2732 hostium
493 2683 594 2743 exacti,
614 2688 798 2747 penetravere
812 2682 849 2735 ad
861 2682 918 2734 Po·

103 2757 174 2806 rum,
196 2747 330 2798 acerrime
350 2763 471 2816 pugnam
490 2748 619 2799 cientem.
654 2751 692 2813 ls,
711 2755 748 2800 ut.
761 2749 918 2817 dissipatos
