2048 3034
282 183 430 238 LIBER
456 184 502 237 IV.
533 186 631 237 cAP.
659 187 699 238 lb.
846 185 894 236 18¹1

87 294 132 341 tro
149 285 368 340 cornu-fortuna
383 289 459 355 regis
474 294 560 350 esset,
579 290 715 353 repressit
733 303 813 340 suos:
833 287 893 339 lila-

87 371 184 418 naeus,
204 355 270 406 dato
281 354 366 423 fugae
378 356 481 422 spatio,
492 371 548 406 non
556 361 636 405 recto
647 351 758 418 itinere,
778 357 828 407 sed
837 371 893 406 rna-

8 435 10 488 g
87 425 148 475 iore
160 429 189 475 et
201 425 236 474 ob
246 423 277 474 id
286 424 390 474 tutiore
401 423 661 490 circumitu'l'igrim
673 428 794 485 superat,
806 423 893 474 etBa-

8 493 10 526 ἱ
85 491 219 558 bylonem
239 506 300 542 eum
319 491 447 558 reliquiis
466 490 569 542 devicti
584 493 725 541 exereitus
736 492 830 542 intrat.
865 493 891 542 8.

84 558 191 610 Darius
211 560 307 626 pausis
327 557 412 626 fugae
432 557 582 612 comitibus
603 557 639 607 ad
659 557 767 624 Lycum
786 572 893 610 amnem

8 687 9 690 Ἴ
83 626 286 682 contenderat:
300 642 354 694 quo
365 628 485 678 traiecto
496 625 636 678 dubitarit
646 640 679 674 on
692 624 815 676 solveret
826 639 893 690 pon-

8 693 10 738 i
84 699 152 755 tem,
163 694 264 761 quippe
275 693 386 745 hostem
395 693 452 744 ianr
463 691 552 742 affore
563 693 751 744 nuntiabatur.
784 691 840 744 Sed
850 697 896 742 tot

84 761 175 812 millia
185 777 308 824 suorum,
320 775 392 829 quae
403 760 526 810 nondum
537 760 572 810 ad
583 773 689 810 amnem
700 764 893 826 pervenerant,

8 843 9 850 ¹
83 834 172 895 ponte
181 832 284 892 reciso,
300 827 434 894 praedam
445 825 535 878 hostis
547 824 610 878 fore
619 827 741 878 videbat.
777 826 802 877 9.
820 825 894 878 Abe-

8 957 9 960 ,
84 901 190 959 uatem,
229 913 293 948 uum
304 897 439 946 intaotum
451 896 557 945 sineret
571 900 693 960 pontem,
710 893 817 946 dixisse
828 909 894 946 eon-

8 969 10 974 '
80 970 152 1027 stat,
165 913 251 1015 malie
260 963 472 1030 insequentibus
482 963 538 1014 iter
548 962 624 1024 dare,
635 978 716 1029 quam
729 961 841 1024 auferre
853 961 895 1012 iu·

83 1030 238 1098 gientibus.
274 1031 338 1095 lpse
347 1031 446 1097 ingens
456 1031 578 1096 spatium
593 1029 662 1098 fuga
681 1045 818 1091 emensus,
838 1044 895 1080 me·

83 1099 136 1150 dia
154 1096 216 1148 iere
237 1105 320 1149 noete
335 1096 439 1148 Arbela
457 1098 593 1164 pervenit.
630 1100 670 1148 10.
691 1098 761 1160 Quis
770 1104 814 1150 tot
823 1095 895 1150 ludi-

82 1168 149 1219 bria
158 1164 300 1229 fortunae,
320 1165 418 1216 dueum
429 1166 625 1234 agminumque
637 1167 751 1218 eaedem
761 1166 896 1232 multipli-

81 1249 157 1294 eem,
177 1232 351 1284 devictorum
370 1233 475 1301 fugam,
499 1233 594 1285 clades
615 1251 688 1286 nune
710 1234 893 1301 singulorum,

83 1315 159 1352 nune
170 1300 373 1362 universorum,
384 1311 432 1352 aut
442 1301 534 1353 animo
546 1303 657 1369 assequi
669 1308 762 1370 queat,
774 1308 822 1353 ant
833 1317 894 1353 orn-

83 1371 165 1420 tione
177 1367 343 1434 complectit
361 1368 566 1435 Propemodum
577 1370 666 1421 seculi
676 1367 757 1422 resin
768 1386 851 1421 unum
861 1371 895 1419 il-

83 1437 145 1486 lum
158 1435 232 1486 diem
241 1435 356 1487 fortuna
365 1438 525 1488 cumulavit.
562 1439 603 1487 ll.
621 1439 676 1489 Alii
696 1453 750 1505 qua
763 1438 894 1490 brevissi-

85 1519 160 1554 mum
170 1504 285 1571 patebat
294 1505 359 1566 iter,
375 1504 423 1555 alii
434 1505 561 1556 diversos
573 1505 671 1567 saltus,
689 1512 717 1555 et
726 1507 841 1573 ignotos
852 1519 895 1555 se-

87 1571 238 1639 quentibus
249 1571 336 1622 ealles
347 1573 489 1637 petebant.
525 1571 618 1639 Eques
632 1572 773 1640 pedesque
785 1571 896 1622 confusi

86 1640 149 1689 sine
162 1639 242 1699 duee,
255 1640 370 1689 armatis
381 1641 512 1700 inermes,
522 1640 641 1706 integris
654 1639 761 1690 debiles
773 1639 896 1706 impliee-

84 1707 198 1756 bantur.
236 1708 277 1755 12.
296 1705 416 1768 Deinde,
436 1707 632 1756 misericordia
650 1707 680 1756 in
691 1712 794 1757 metum
804 1721 896 1764 versa,

8 1809 9 1812 κ
87 1775 137 1842 qui
148 1775 227 1841 sequi
238 1789 295 1825 nou
304 1775 524 1840 poterant‚inter
533 1779 645 1823 mutuos
655 1775 774 1841 gemitus
781 1772 897 1824 desere-

8 1849 9 1856 ’
85 1843 199 1893 bantur.
236 1841 304 1894 Sitis
315 1844 465 1909 praecipue
476 1839 612 1908 fatigatos
624 1846 653 1892 et
662 1844 774 1892 saucios
785 1854 898 1908 perure-

84 1913 147 1972 bat,
157 1909 319 1977 passimque
330 1909 457 1960 omnibus
468 1909 535 1958 rivis
546 1914 756 1975 prostraverant
769 1923 897 1976 corpora,

8 1979 10 2040 5
86 1975 336 2046 praeterfluentem
366 1993 464 2045 aquam
484 1974 573 2027 hianti
591 1991 641 2028 ore
661 1982 815 2044 captantes,
856 1975 896 2026 13.

8 2087 10 2116 ᾗ
89 2047 182 2106 Quam
193 2061 276 2163 quum
287 2043 361 2095 avidi
375 2045 513 2096 turbidam
524 2043 693 2108 hausissent,
712 2045 899 2096 tendebantur

8 2117 9 2128 ³
85 2121 233 2179 -extempo
254 2113 421 2178 praecordia
439 2118 583 2179 premente
603 2114 682 2176 limo;
707 2112 897 2179 resolutisque

85 2181 305 2248 ettorpentibus
316 2180 456 2242 membris,
478 2197 561 2248 quum
576 2183 788 2247 supervenisset
799 2178 897 2242 bostis,

87 2251 172 2302 novis
186 2249 347 2300 vulneribus
369 2249 570 2303 excitabantur.
607 2250 646 2300 ll.
669 2249 796 2311 Quidam,
817 2261 897 2300 oeeu-
917 2285 922 2293 κ

87 2317 166 2384 potis
179 2317 315 2382 proximis
328 2316 406 2379 rivis,
427 2316 600 2366 diverterant
618 2316 740 2383 longius,
760 2321 799 2377 ut,
819 2317 898 2382 quid-

89 2383 161 2452 quid
172 2384 276 2435 ooeulti
290 2383 414 2435 humoris
430 2399 547 2450 usquam
568 2390 703 2445 manaret,
725 2386 897 2452 exciperent,

87 2467 144 2504 neo
155 2451 215 2502 ulla
225 2451 296 2503 adeo
308 2452 371 2502 avia
382 2459 410 2503 et
421 2453 497 2502 sicca
516 2452 616 2503 lacuna
636 2458 705 2514 erat,
725 2467 795 2520 quae
815 2453 898 2504 vesti-

84 2514 217 2588 gentium
227 2521 302 2570 sitim
312 2519 434 2571 falleret.
472 2518 512 2570 15.
530 2519 698 2586 Eprorimis
716 2535 782 2571 vero
803 2520 898 2572 itineri

85 2588 160 2639 vicis
172 2601 270 2638 senum
285 2587 408 2638 ululatus
428 2585 648 2654 feminarumque
669 2587 897 2646 exaudiebantur,

85 2655 212 2707 barbaro
224 2655 281 2704 ritu
290 2654 406 2705 Darium
418 2652 508 2705 adhuc
518 2670 614 2723 regem
633 2655 818 2706 clamantium.
856 2651 897 2704 ld.

86 2720 258 2785 Alexander,
269 2727 300 2772 ut
309 2736 393 2789 supra
402 2721 506 2772 dietum
518 2728 570 2786 est,
580 2721 699 2774 inhibito
715 2736 829 2774 suorum
839 2733 899 2770 our·
