2036 3030
123 147 459 246 'surruauuurn
478 191 557 241 urs.
575 191 609 242 n.
630 193 714 244 cnr.
734 195 758 244 a.
809 163 858 244 'ss

43 299 198 354 venerunt,
209 292 308 360 quibus
320 291 464 360 Erigyium
474 294 649 360 praeposuit:
665 309 764 361 agmen
776 289 859 346 duce-

41 363 91 412 bat
103 360 268 412 Cassander
282 375 344 412 cum
357 361 506 427 nongentis
523 359 662 412 Thracum
675 369 758 428 atque
769 363 858 415 Paeo-

42 445 109 480 num
121 428 364 479 antecursoribus.
399 429 424 479 3.
443 427 526 478 Hunc
537 429 703 490 exercitum,
717 447 772 481 non
784 432 858 484 ultra

44 512 129 563 quam
150 496 182 545 in
202 495 318 563 triginta
336 495 396 546 dies
418 496 531 562 proviso
552 504 721 558 commeatu,
741 498 857 550 infinitis
884 493 899 510 '

42 566 234 618 barbarorum
249 563 338 628 copiis
354 577 495 629 opponere
516 579 570 614 non
588 563 738 626 dubitavit3
753 567 856 618 virtute

44 647 164 683 suorum
176 630 278 691 fretus,
290 630 338 696 qui
347 631 484 681 vincendo
496 646 578 681 senes
592 630 675 692 lacti,
686 631 789 682 robore
800 636 857 684 ani-

44 715 158 750 morum
165 712 360 764 armorumque
366 713 419 747 usu
429 697 545 748 cuilibet
554 697 726 749 multitudini
736 697 857 751 hostium

43 766 255 833 insuperabiles
275 771 364 816 erant.
398 765 424 816 4.
442 766 602 831 Antipatro,
619 780 700 832 quem
716 780 777 816 cum
791 767 858 818 duo·

45 834 139 886 decim
154 833 280 883 millibus
295 831 433 898 peditum,
450 836 479 881 et
493 833 569 881 mille
585 833 744 900 quingentis
759 836 857 901 equiti-

45 902 97 953 bus
108 900 299 952 Macedoniae
311 898 504 964 Graeciaeque
519 901 603 950 rebus
616 899 802 968 praefecerat,
818 903 857 952 in-

45 970 225 1030 iunctum,ut
234 967 384 1018 continuos
393 965 539 1032 inEuropa
550 967 675 1019 delectus
686 975 792 1035 ageret,
800 971 858 1034 qui-

45 1037 98 1088 bus
109 1035 250 1086 adversus
265 1033 436 1098 proeliorum
449 1033 556 1101 latique
570 1035 738 1086 detrimenta
753 1039 859 1087 exerci-

47 1108 92 1154 tus
114 1101 239 1154 subinde
258 1105 415 1152 novaretur.
451 1100 514 1152 Hoc
530 1118 612 1153 unum
627 1103 681 1153 sibi
699 1111 859 1172 exceperat,

48 1186 135 1237 quum
151 1175 249 1221 cetera
264 1167 361 1220 amicis
378 1168 537 1236 largiretur.
573 1171 598 1220 5.
622 1170 765 1238 Quidquid
784 1173 859 1224 enim

49 1239 128 1290 salva
138 1236 289 1288 maiestate
299 1237 380 1302 regni
390 1235 489 1288 abesse
499 1244 623 1303 poterat,
640 1239 802 1306 prinsquam
813 1256 849 1292 na

50 1320 97 1357 ves
112 1303 331 1365 conscenderet,
346 1304 420 1354 inter
434 1321 500 1358 snos
518 1305 671 1356 distribuit.
708 1305 858 1360 Perdiccas

48 1373 205 1437 praedium,
226 1370 300 1438 quod
319 1371 445 1435 dabatur,
465 1388 521 1423 non
541 1374 663 1440 accepit,
683 1373 857 1443 interrogato

50 1455 79 1490 re
101 1455 126 1502 e,
138 1440 208 1508 quid
217 1439 328 1490 tandem
340 1439 457 1506 sibiipsi
469 1440 570 1507 reliqui
581 1440 705 1492 faceretl
715 1444 858 1509 atqueillo

50 1455 230 1569 subiiciente,
242 1521 318 1573 spes:
330 1505 496 1558 Eorundem
506 1523 582 1575 ergo,
593 1509 691 1576 inquit,
704 1515 730 1559 et
738 1525 785 1560 nos
792 1526 857 1577 par·

50 1573 140 1642 ticipss
152 1573 266 1636 srimm,
283 1572 329 1640 qui
337 1572 389 1624 tuis
404 1573 529 1641 auspiciis
540 1574 691 1628 militamus.
727 1576 751 1626 6.
772 1577 857 1629 Pauci

51 1638 121 1694 bunc
131 1642 226 1696 secuti
237 1639 313 1693 sunt:
331 1656 380 1708 per
394 1648 503 1693 ceteros
519 1658 574 1693 non
587 1644 678 1707 stetit,
698 1645 763 1710 quin
774 1646 859 1697 inter·

52 1716 176 1776 rogatus,
194 1709 244 1760 ubi
257 1706 385 1772 thesauri
400 1709 488 1774 ipsius
504 1709 613 1761 essenti
631 1725 695 1761 vere
707 1713 858 1778 responde-

51 1782 102 1839 ret,
121 1779 199 1846 apud
220 1776 334 1828 anricus.
371 1776 396 1825 ἵ.
416 1774 489 1826 Sane
509 1776 543 1826 de
563 1791 670 1827 summa
687 1791 780 1828 rerum
796 1780 859 1830 alea

52 1843 135 1907 iacta,
145 1862 204 1898 non
213 1843 334 1896 absurde
345 1840 502 1893 collocasse
514 1843 624 1894 videtur
634 1858 716 1908 opes,
733 1859 801 1910 quas
812 1844 858 1896 bu·

53 1910 146 1965 bebats
166 1915 270 1982 quippe
291 1917 340 1963 aut
352 1910 444 1980 victor
463 1910 551 1961 multo
569 1910 691 1962 maiores
707 1910 859 1979 adepturus

56 1986 125 2043 erat;
137 1988 194 2042 ¹aut
214 1982 240 2032 si
258 1979 349 2031 victus
371 1985 456 2042 esset,
475 1979 545 2031 istas
561 1993 672 2046 quoque
692 1980 859 2031 amissurus:

56 2051 136 2112 atqua
157 2047 272 2100 interim
290 2047 482 2102 alacrioribus.
499 2047 634 2099 ministris
658 2047 796 2098 utebatur.
833 2048 858 2098 8.

54 2109 149 2180 Neque
159 2117 278 2167 multum
291 2113 463 2167 abscedebat
475 2115 668 2183 praesentibus
683 2115 859 2166 necessitati-

54 2176 114 2241 bus,
134 2197 196 2236 cum
207 2199 291 2252 agros
303 2189 333 2234 et
341 2179 469 2250 praedia,
490 2192 519 2234 et
528 2184 645 2246 reditus,
666 2197 783 2249 quorum
798 2182 859 2234 dies

56 2247 138 2300 multo
149 2257 217 2316 post
229 2251 340 2303 venturi
355 2257 448 2313 erant,
468 2249 599 2304 donaret:
618 2251 739 2316 pecunia
748 2251 777 2301 in
790 2250 859 2303 belli

58 2326 131 2366 usum
142 2320 281 2386 seposita,
298 2319 377 2370 cuius
393 2325 497 2385 quanto
511 2319 604 2369 minor
620 2318 702 2435 copia
712 2324 785 2381 erat,
796 2318 858 2372 dili·

58 2384 164 2494 pentlus
175 2386 430 2438 administrabatur.
465 2385 490 2438 9.
510 2385 619 2453 Quippe
633 2385 655 2435 P

70 2453 140 2513 ecto,
158 2454 250 2507 minus
270 2454 417 2522 sexaginta
435 2454 548 2506 talentis
565 2453 710 2519 pecuniae,
721 2456 858 2522 signatae,

59 2527 198 2591 paucaque
219 2537 254 2574 ax
273 2537 341 2573 auro
363 2527 391 2574 et
414 2529 531 2590 urgento
550 2520 653 2588 pocula
670 2523 700 2574 in
717 2519 859 2574 thesauris

60 2592 117 2634 erus
127 2595 239 2652 repertu
247 2597 320 2653 sunt,
331 2605 414 2656 quum
430 2593 504 2642 aeris
514 2588 600 2640 alieni
610 2588 762 2658 quingenta
770 2588 860 2640 ferme

59 2647 163 2704 talenta
174 2655 353 2726 relinqueret.
390 2659 431 2711 lu.
451 2657 624 2724 Quamquam
640 2659 713 2710 enim
730 2660 785 2709 iste
799 2669 859 2706 rern

58 2711 266 2776 Macedonicam
274 2725 433 2792 insignibus
449 2724 630 2777 incrementis
641 2726 782 2786 auxisset,
798 2720 859 2772 auri

676 2385 762 2454 ilippo
772 2387 858 2440 inter·
