2098 3040
297 151 445 230 ninus
470 178 505 230 x.
533 181 629 232 CAP.
655 183 680 232 τ.
840 183 890 235 soe

4 337 5 344 p
80 280 193 348 imperii
202 279 277 331 vires
288 295 463 332 remansuras
478 295 541 331 esse
556 281 729 347 gaudebant3
748 281 888 336 heredita·
936 336 940 355 fl

4 371 5 378 1
79 349 153 399 rium
162 348 309 415 imperium
319 348 433 414 stirpem
444 349 552 416 regiam
562 347 778 415 vindicaturam
792 368 887 404 assue-

78 422 125 466 tos
136 429 201 466 esse
211 430 313 466 nornen
322 416 415 484 ipsum
424 417 519 467 colere
529 417 781 484 venerarique,nec
792 436 886 486 quern-

78 498 162 550 quam
177 482 207 534 id
222 497 334 551 cepere,
351 485 406 535 nisi
421 485 546 552 genitum
558 489 589 534 ut
597 491 737 551 regnaret.
772 487 811 538 16.
830 489 885 556 lgi-

78 559 125 602 tur
139 549 276 603 Perdicca
294 553 423 614 territus,
444 551 591 614 conclave,
612 552 641 601 in
661 567 716 620 qim
735 551 885 606 Alexandri

77 618 313 684 corpusiaeebat,
333 619 459 670 obserari
473 620 562 688 iubet.¹
598 618 732 672 sexcenti
746 623 883 688 cumipse

4 725 5 756 p
77 691 167 748 erant,
180 693 322 754 spectatae
332 687 457 738 virtutis:
478 685 658 738 Ptolemaeus
674 703 785 756 quoque
796 703 827 739 se
838 690 884 740 ad·

76 754 210 806 iunxerat
226 756 252 806 ei
258 791 266 816 ,
281 769 488 821 puerorumque
502 755 583 822 regia
592 752 703 806 cohors.
742 757 782 806 l'l.
801 758 884 810 Gete-

76 837 138 872 rum
149 819 224 872 haud
235 821 389 872 difficulter
402 835 419 871 a
432 827 477 872 tot
492 822 617 873 millibus
627 829 798 874 minatorem
809 825 884 876 clau·

76 897 137 941 stra
147 889 290 956 perfracta
301 893 373 938 sunt.
409 888 445 940 lit
455 903 506 940 rex
516 904 627 957 quoque
637 891 786 957 irruperat,
799 893 885 960 stipa·

73 964 121 1007 tus
132 957 285 1008 satellitum
295 956 386 1018 turba,
398 971 514 1024 quorum
525 957 655 1025 princeps
665 959 819 1027 Meleager.
844 959 884 1010 18.

75 1025 223 1092 lratusque
234 1023 371 1075 Perdicca
381 1022 447 1087 lios,
466 1025 511 1090 qui
524 1025 679 1079 Alexandri
693 1041 795 1096 corpus
807 1027 883 1079 tueri

74 1091 190 1153 vellent,
203 1097 328 1142 revocati
347 1091 397 1142 sed
412 1092 460 1158 qui
473 1092 644 1160 irruperant,
663 1095 770 1146 eminus
785 1095 843 1147 tela
853 1097 883 1146 ie

72 1161 166 1227 ipsum
176 1158 326 1210 iaciebant.
362 1159 515 1227 Multisque
529 1161 697 1226 vulneratis,
713 1164 825 1216 tandem
840 1179 883 1214 se·

73 1228 180 1290 niores,
201 1226 302 1279 demtis
321 1227 425 1295 galeis,
445 1243 500 1294 quo
520 1227 633 1281 facilius
656 1231 735 1282 nosci
755 1240 883 1298 possent,

72 1295 192 1364 precari,
205 1295 252 1364 qui
263 1311 324 1347 curn
330 1295 465 1348 Perdicca
476 1302 564 1360 erant,
577 1312 707 1366 coepere,
719 1306 750 1350 ut
760 1301 883 1353 abstine·

72 1369 138 1416 rent
146 1362 233 1426 bello,
244 1364 360 1432 regique
372 1370 401 1416 et
410 1365 537 1432 pluribus
549 1367 690 1418 cederent.
718 1367 757 1420 19.
770 1367 881 1422 Primus
964 1389 965 1392 ¹

73 1431 212 1482 Perdicca
231 1446 308 1482 arma
330 1433 473 1498 deposuit3
508 1435 651 1500 ceterique
677 1437 752 1486 idern
774 1437 880 1490 iecere.

61 1499 221 1566 Meleagro
232 1498 334 1549 deinde
345 1499 494 1558 suadente,
514 1514 550 1548 ne
569 1515 586 1550 a
600 1515 719 1566 corpore
729 1502 882 1556 Alexandri

74 1566 268 1626 discederent3
286 1564 397 1616 insidiis
411 1555 505 1615 locum
522 1568 618 1632 quaeri
633 1567 700 1628 rati,
717 1568 827 1621 diversa
837 1585 881 1622 re·

74 1637 139 1703 giae
150 1639 230 1700 parte
242 1632 278 1684 ad
286 1629 448 1698 Euphraten
458 1631 553 1698 fugam
564 1635 721 1685 intendunt.
744 1638 785 1687 2⁰.
797 1637 881 1704 Equi-

72 1709 159 1763 tatus,
166 1703 213 1770 qui
224 1715 259 1751 ex
269 1699 451 1760 nobilissimis
461 1701 592 1750 iuvenum
603 1701 759 1764 constabat,
766 1703 880 1756 Perdic-

73 1787 135 1822 cam
149 1776 178 1820 et
192 1767 367 1819 Leonnatum
380 1765 513 1833 frequens
529 1768 711 1836 sequebatur3
739 1771 880 1836 placebat·
972 1779 973 1782 ’

93 1853 127 1890 uc
142 1836 280 1889 excedere
294 1834 375 1898 urbe,
391 1841 420 1886 et
436 1833 551 1885 tendere
567 1837 598 1886 in
612 1837 725 1902 campis.
761 1841 803 1890 ri.
824 1839 880 1892 Sed

71 1855 211 1958 Perdicca
225 1919 260 1956 ne
275 1903 384 1972 pedites
400 1901 512 1970 quidem
522 1909 669 1956 secuturos
679 1905 771 1972 ipsum
781 1906 880 1974 despe-

71 1974 167 2026 rabat:
186 1973 296 2038 itaque,
307 1985 342 2022 ne
354 1970 518 2022 abducendo
530 1971 640 2038 equites
651 1971 797 2040 abrupisse
807 1991 824 2026 a
835 1991 880 2027 ce·

71 2049 135 2094 tero
147 2039 274 2091 exercitu
283 2038 435 2102 videretur,
446 2038 475 2088 in
485 2038 554 2089 urbe
565 2039 700 2092 substitit.

122 2175 196 2228 vili.
216 2174 254 2224 At
268 2173 415 2242 Meleager
433 2187 529 2240 regern
551 2189 666 2226 monere
687 2192 742 2228 non
758 2176 879 2244 destitit,

71 2245 115 2296 ius
127 2241 399 2310 imperiiPerdiceae
408 2248 499 2292 morte
510 2243 690 2294 sanciendum
703 2259 780 2297 esser
793 2244 823 2294 ni
833 2259 879 2298 oo-

73 2319 189 2380 cupetur
207 2311 348 2378 impotens
369 2310 489 2372 animus,
510 2324 556 2361 res
572 2319 745 2364 novaturum.
780 2313 879 2364 Memi-

72 2381 148 2432 nisse
159 2393 235 2441 eum,
251 2378 318 2448 quid
328 2377 363 2430 de
373 2392 441 2445 rege
453 2378 614 2430 meruisset:
635 2381 773 2431 neminem
784 2389 877 2433 autem

72 2449 99 2498 ei
110 2447 179 2498 satis
190 2447 275 2498 lidum
288 2462 363 2510 esse,
384 2461 466 2515 quem
482 2452 597 2500 metuat.
633 2449 657 2497 ².
678 2449 738 2500 Rex
751 2451 877 2516 patieba-

70 2523 117 2567 tur
126 2515 225 2582 magis,
236 2530 318 2583 quam
329 2513 543 2566 assentiebatur.
580 2514 677 2582 ltaque
686 2517 832 2584 Meleager
843 2517 879 2566 si-

70 2583 189 2638 lentium
199 2596 250 2650 pro
260 2583 379 2650 imperio
389 2580 500 2646 habuit5
515 2579 646 2651 misitque
661 2585 737 2652 regis
755 2583 878 2648 nomine,

72 2651 120 2719 qui
130 2649 295 2702 Perdiccam
306 2654 490 2702 arcesserent.
509 2649 611 2702 lisdem
617 2654 823 2714 mendatum‚ut
832 2667 877 2703 oc·

72 2721 208 2781 uiderent,
220 2719 245 2770 si
255 2719 350 2769 venire
361 2718 509 2770 dubitaret.
546 2720 570 2770 3.
590 2719 737 2784 Perdicca,
751 2721 878 2772 nuntiato
