2036 3030
96 164 129 214 dd
283 160 417 212 lOANN.
434 160 713 212 FRElNSHEMll

95 263 257 330 praevenire
269 261 382 324 studuit,
393 261 669 329 desponsallpirotae
676 259 827 311 Alexandri
833 275 897 326 ger·

96 345 185 390 urana,
200 328 357 394 Cleopatra.
396 328 435 378 lb.
456 329 496 379 Ad
509 329 578 378 istas
590 329 700 394 nuptias
714 327 896 378 celebrandas

95 397 272 447 finitimarum
282 397 404 462 gentium
414 395 514 464 reguli,
521 394 744 462 Graecarumque
753 395 896 448 civitatum

95 464 182 528 legati
197 462 358 529 frequentes
374 465 463 530 Aegas
482 469 677 514 convenerant.
713 461 744 513 ld
765 462 896 529 oppidum
912 470 915 479 ⁴
1006 501 1007 506 ,

97 531 222 597 elegerat
236 528 391 598 Philippus,
410 545 466 581 non
478 530 538 580 sine
550 529 669 596 quodam
683 530 773 580 omine
790 544 899 591 eorum,

97 612 168 665 quae
177 605 276 663 postea
287 598 428 648 accidere:
447 611 509 646 nam
518 597 558 646 ibi
567 596 751 647 Macedonum
761 611 843 663 reges
854 611 898 646 se·

97 665 179 733 peliri
192 680 252 716 mos
267 673 334 716 erat.
372 666 410 716 li.
432 664 537 715 Ferunt
550 665 642 724 etiam,
663 664 817 730 Apollinem
830 663 896 714 Del-

97 731 207 799 phicum
226 733 260 784 de
276 732 476 784 belloPersico
497 732 656 783 consulenti
673 738 809 782 maturum
828 731 898 781 inte-

96 803 180 850 ritum
200 802 344 852 cecinisse.
380 799 436 851 Sed
455 800 628 866 ambiguum,
647 804 678 849 ut
691 813 751 850 mos
767 798 899 860 oraculis,

97 882 260 933 responsum
270 866 414 934 Philippus
428 869 463 918 ad
480 866 661 918 barbarorum
671 866 786 918 exitium
796 865 899 932 blanda

96 935 328 1001 interpretatione
349 938 481 984 traxerat.
517 933 582 984 Alia
605 948 715 1000 quoque
741 933 897 1000 praesagia,

98 1018 169 1069 quae
179 1008 237 1052 tum
247 1015 327 1051 nemo
342 1000 583 1062 animadverterat,
599 1008 714 1051 eventus
721 1001 898 1052 monstravit.

99 1070 140 1120 18.
158 1070 227 1120 Erat
235 1068 310 1118 inter
320 1068 451 1118 custodes
460 1068 532 1134 regii
545 1066 829 1133 corporisPausanias
840 1067 899 1133 qui-

99 1138 175 1198 dam,
196 1149 276 1202 quem
290 1136 319 1184 in
333 1134 462 1185 solatium
476 1140 607 1200 acceptae
623 1136 657 1186 ab
668 1135 760 1185 Attalo
770 1135 899 1196 iniuriae,

97 1217 149 1255 rex
161 1204 190 1251 in
208 1216 269 1252 eum
284 1202 427 1268 dignitatis
445 1201 561 1268 gradum
580 1207 754 1267 provexerat.
791 1201 899 1267 Quippe

97 1269 264 1321 Pausaniam
279 1269 386 1320 Attalus
399 1282 476 1319 mero
495 1273 623 1320 onustum
638 1267 752 1320 nefariis
771 1272 901 1320 conviva·

97 1352 158 1388 rum
167 1335 294 1386 ludibriis
306 1351 340 1387 ex
362 1342 481 1388 osuerat.
519 1334 558 1386 19.
569 1337 660 1388 Huius
669 1336 804 1387 ultionem
816 1351 900 1403 quum

98 1415 191 1470 arege
202 1408 319 1469 peteret,
338 1349 471 1454 Konorem
482 1405 598 1470 accepit.
634 1404 742 1455 Etenim
753 1403 899 1471 Philippus

97 1471 186 1521 virum
200 1475 341 1537 spectatae
355 1473 382 1522 in
398 1471 474 1522 bello
489 1470 672 1533 fortitudinis,
693 1471 727 1522 ad
742 1470 795 1522 hoc
812 1485 902 1538 nuper

97 1538 253 1605 propinqua
262 1539 394 1590 affinitate
406 1541 590 1602 coniunctum,
602 1540 697 1605 punire
709 1538 779 1590 adeo
790 1555 845 1591 non
856 1555 901 1590 su-

99 1605 209 1667 stinuit,
229 1612 260 1656 ut
274 1605 388 1672 insuper
401 1609 542 1673 copiarum
559 1608 630 1674 parti
650 1606 821 1673 praefectum
839 1621 900 1656 cum

99 1672 283 1724 Parmenione
293 1680 323 1724 et
332 1675 451 1740 Amynta
459 1676 487 1725 in
497 1675 589 1725 Asiam
600 1675 798 1741 praemitteret,
815 1689 902 1740 opera

12 1805 14 1809 Ι
99 1741 159 1792 eius
169 1755 269 1796 usurus
284 1741 312 1792 in
323 1742 501 1808 expeditione
516 1742 639 1794 Persica.
675 1744 716 1793 20.
737 1742 901 1792 Pausaniam

98 1814 190 1860 autem
208 1815 350 1877 rogatum,
375 1817 406 1861 ut
415 1811 469 1877 ipsi
485 1810 711 1877 temporibusque
731 1809 901 1876 reipublicae

99 1876 226 1927 dolorem
237 1893 314 1928 suum
327 1880 513 1941 condonaret,
534 1877 666 1927 comitate
677 1876 793 1994 allotguii
805 1884 834 1927 et
852 1875 901 1926 ho-

98 1945 223 1994 nestiore
242 1945 381 2011 stipendio
395 1944 506 2009 placare
524 1949 641 1994 conatus
652 1946 703 1993 cst.
761 1943 795 1994 ed
807 1943 901 1994 adole-

100 2026 180 2063 scens
190 2012 323 2062 maiorem
334 2011 614 2076 contumeliae,quam
622 2009 901 2073 beneficii‚rationem

99 2077 204 2140 habuit,
215 2079 363 2145 odiumque
373 2077 407 2127 ab
419 2085 532 2128 auctore
542 2077 661 2128 iniuriae
672 2077 701 2127 in
711 2079 900 2146 negligentem

100 2147 160 2196 eius
170 2146 306 2198 vindicem
318 2145 463 2197 convertit.
487 2145 528 2193 21.
550 2143 616 2195 Cum
627 2145 662 2196 iis
674 2146 766 2208 ctiam,
780 2160 850 2212 quos
860 2147 900 2195 in·

98 2211 285 2265 fensosdttali
297 2211 457 2271 domui,nec
469 2209 597 2279 Philippo
610 2212 763 2264 concordes
775 2227 837 2265 esse
851 2228 900 2263 no·

99 2284 190 2339 verat,
212 2282 331 2332 consilia
348 2280 566 2331 communicasse
578 2295 632 2330 non
642 2286 754 2346 praeter
763 2282 900 2331 rationem

100 2345 234 2395 creditum
250 2358 304 2409 est,
322 2354 468 2415 postquam
477 2346 511 2396 ab
523 2347 687 2414 Olympiade
702 2349 858 2414 parricidae
872 2349 901 2397 in

99 2427 181 2462 cruce
192 2414 322 2477 pendenti
334 2429 465 2466 coronam
475 2429 586 2465 auream
594 2415 749 2483 impositam
761 2429 841 2465 nenio
853 2416 901 2466 du-

98 2479 205 2541 bitavit,
221 2479 330 2546 aliaque
341 2481 468 2533 facinora
480 2488 640 2548 perpetrata
655 2488 731 2544 sunt,
751 2483 901 2549 exquibus

98 2549 185 2598 totius
196 2547 311 2598 sceleris
326 2549 394 2600 ordo
409 2563 565 2615 causaeque
581 2548 654 2601 haud
666 2552 784 2602 obscure
795 2551 901 2616 perspi-

100 2622 237 2665 cerentur.
278 2617 319 2666 22.
342 2615 435 2667 Dubia
454 2615 543 2669 adhuc
562 2617 624 2668 luce
644 2615 782 2667 theatrum
800 2618 900 2684 ingens

100 2680 240 2732 hominum
260 2683 407 2733 multitudo
433 2683 610 2752 impleverat,
630 2690 789 2748 spectatura
808 2685 902 2745 ludos,
