<?xml version="1.0" encoding="UTF-8"?>
<!DOCTYPE html PUBLIC "-//W3C//DTD XHTML 1.0 Transitional//EN"
    "http://www.w3.org/TR/xhtml1/DTD/xhtml1-transitional.dtd">
<html xmlns="http://www.w3.org/1999/xhtml" xml:lang="en" lang="en">
 <head>
  <title>
</title>
<meta http-equiv="Content-Type" content="text/html;charset=utf-8" />
  <meta name='ocr-system' content='tesseract 3.04.00' />
  <meta name='ocr-capabilities' content='ocr_page ocr_carea ocr_par ocr_line ocrx_word'/>
</head>
<body>
  <div class='ocr_page' id='page_1' title='image "./qcurtiirufidere00johagoog_0052.png"; bbox 0 0 2036 3030; ppageno 0'>
   <div class='ocr_carea' id='block_1_1' title="bbox 85 168 705 263">
    <p class='ocr_par' dir='ltr' id='par_1_1' title="bbox 85 168 705 263">
     <span class='ocr_line' id='line_1_1' title="bbox 85 168 705 263; baseline -0.01 0"><span class='ocrx_word' id='word_1_1' title='bbox 85 213 118 263; x_wconf 86' lang='lat' dir='ltr'><strong>n</strong></span> <span class='ocrx_word' id='word_1_2' title='bbox 270 168 705 258; x_wconf 70' lang='lat' dir='ltr'><strong>rosum-rasursusnrr</strong></span> 
     </span>
    </p>
   </div>
   <div class='ocr_carea' id='block_1_2' title="bbox 60 307 916 2134">
    <p class='ocr_par' dir='ltr' id='par_1_2' title="bbox 9 307 916 2134">
     <span class='ocr_line' id='line_1_2' title="bbox 86 307 889 377; baseline -0.004 -14"><span class='ocrx_word' id='word_1_3' title='bbox 86 314 149 363; x_wconf 83' lang='lat' dir='ltr'><strong>dica</strong></span> <span class='ocrx_word' id='word_1_4' title='bbox 158 310 279 377; x_wconf 87' lang='lat' dir='ltr'><strong>negabat</strong></span> <span class='ocrx_word' id='word_1_5' title='bbox 289 323 338 375; x_wconf 88' lang='lat' dir='ltr'><strong>per</strong></span> <span class='ocrx_word' id='word_1_6' title='bbox 349 324 398 359; x_wconf 88' lang='lat' dir='ltr'><strong>cos</strong></span> <span class='ocrx_word' id='word_1_7' title='bbox 412 307 473 358; x_wconf 88' lang='lat' dir='ltr'><strong>dics</strong></span> <span class='ocrx_word' id='word_1_8' title='bbox 489 307 558 358; x_wconf 86' lang='lat' dir='ltr'><strong>adin&#39;</strong></span> <span class='ocrx_word' id='word_1_9' title='bbox 572 308 661 360; x_wconf 88' lang='lat' dir='ltr'><strong>Deum</strong></span> <span class='ocrx_word' id='word_1_10' title='bbox 682 308 724 360; x_wconf 83' lang='lat' dir='ltr'><strong>fas</strong></span> <span class='ocrx_word' id='word_1_11' title='bbox 746 323 820 360; x_wconf 88' lang='lat' dir='ltr'><strong>esse:</strong></span> <span class='ocrx_word' id='word_1_12' title='bbox 840 310 889 360; x_wconf 88' lang='lat' dir='ltr'><strong>do-</strong></span> 
     </span>
     <span class='ocr_line' id='line_1_3' title="bbox 84 375 890 444; baseline -0.005 -13"><span class='ocrx_word' id='word_1_13' title='bbox 84 395 137 430; x_wconf 89' lang='lat' dir='ltr'><strong>nec</strong></span> <span class='ocrx_word' id='word_1_14' title='bbox 154 379 217 444; x_wconf 87' lang='lat' dir='ltr'><strong>ipse</strong></span> <span class='ocrx_word' id='word_1_15' title='bbox 234 392 268 427; x_wconf 91' lang='lat' dir='ltr'><strong>eo</strong></span> <span class='ocrx_word' id='word_1_16' title='bbox 283 375 435 442; x_wconf 76' lang='lat' dir='ltr'><strong>profectus,</strong></span> <span class='ocrx_word' id='word_1_17' title='bbox 455 375 481 424; x_wconf 81' lang='lat' dir='ltr'><strong>ri</strong></span> <span class='ocrx_word' id='word_1_18' title='bbox 502 377 640 442; x_wconf 89' lang='lat' dir='ltr'><strong>corripuit</strong></span> <span class='ocrx_word' id='word_1_19' title='bbox 649 377 793 442; x_wconf 85' lang='lat' dir='ltr'><strong>virginem,</strong></span> <span class='ocrx_word' id='word_1_20' title='bbox 815 379 890 427; x_wconf 83' lang='lat' dir='ltr'><strong>etad</strong></span> 
     </span>
     <span class='ocr_line' id='line_1_4' title="bbox 84 437 916 511; baseline -0.005 -13"><span class='ocrx_word' id='word_1_21' title='bbox 84 445 218 511; x_wconf 90' lang='lat' dir='ltr'><strong>templum</strong></span> <span class='ocrx_word' id='word_1_22' title='bbox 227 446 321 506; x_wconf 81' lang='lat' dir='ltr'><strong>traxit.</strong></span> <span class='ocrx_word' id='word_1_23' title='bbox 344 442 383 492; x_wconf 84' lang='lat' dir='ltr'><strong>ld.</strong></span> <span class='ocrx_word' id='word_1_24' title='bbox 403 442 459 494; x_wconf 85' lang='lat' dir='ltr'><strong>Sed</strong></span> <span class='ocrx_word' id='word_1_25' title='bbox 470 458 551 508; x_wconf 91' lang='lat' dir='ltr'><strong>quum</strong></span> <span class='ocrx_word' id='word_1_26' title='bbox 561 445 635 494; x_wconf 91' lang='lat' dir='ltr'><strong>inter</strong></span> <span class='ocrx_word' id='word_1_27' title='bbox 645 443 763 495; x_wconf 90' lang='lat' dir='ltr'><strong>eundum</strong></span> <span class='ocrx_word' id='word_1_28' title='bbox 772 444 831 505; x_wconf 84' lang='lat' dir='ltr'><strong>ille,</strong></span> <span class='ocrx_word' id='word_1_29' title='bbox 842 461 888 510; x_wconf 89' lang='lat' dir='ltr'><strong>pa·</strong></span> <span class='ocrx_word' id='word_1_30' title='bbox 912 437 916 444; x_wconf 77' lang='grc'><strong>“</strong></span> 
     </span>
     <span class='ocr_line' id='line_1_5' title="bbox 85 511 887 577; baseline -0.004 -12"><span class='ocrx_word' id='word_1_31' title='bbox 85 515 169 565; x_wconf 90' lang='lat' dir='ltr'><strong>trium</strong></span> <span class='ocrx_word' id='word_1_32' title='bbox 197 526 301 562; x_wconf 87' lang='lat' dir='ltr'><strong>morem</strong></span> <span class='ocrx_word' id='word_1_33' title='bbox 330 511 485 577; x_wconf 76' lang='lat' dir='ltr'><strong>pertinacia</strong></span> <span class='ocrx_word' id='word_1_34' title='bbox 510 512 587 577; x_wconf 85' lang='lat' dir='ltr'><strong>regis</strong></span> <span class='ocrx_word' id='word_1_35' title='bbox 615 513 717 562; x_wconf 84' lang='lat' dir='ltr'><strong>rictum</strong></span> <span class='ocrx_word' id='word_1_36' title='bbox 745 519 887 577; x_wconf 82' lang='lat' dir='ltr'><strong>reputans,</strong></span> 
     </span>
     <span class='ocr_line' id='line_1_6' title="bbox 87 575 890 645; baseline -0.006 -11"><span class='ocrx_word' id='word_1_37' title='bbox 87 581 283 634; x_wconf 81' lang='lat' dir='ltr'><strong>exclamasset:</strong></span> <span class='ocrx_word' id='word_1_38' title='bbox 302 578 416 629; x_wconf 78' lang='lat' dir='ltr'><strong>invictus</strong></span> <span class='ocrx_word' id='word_1_39' title='bbox 429 595 463 639; x_wconf 85' lang='lat' dir='ltr'><strong>es,</strong></span> <span class='ocrx_word' id='word_1_40' title='bbox 477 575 541 645; x_wconf 76' lang='lat' dir='ltr'><strong>fier</strong></span> <span class='ocrx_word' id='word_1_41' title='bbox 559 579 686 643; x_wconf 86' lang='lat' dir='ltr'><strong>accipere</strong></span> <span class='ocrx_word' id='word_1_42' title='bbox 707 593 786 629; x_wconf 87' lang='lat' dir='ltr'><strong>omen</strong></span> <span class='ocrx_word' id='word_1_43' title='bbox 808 580 890 640; x_wconf 75' lang='lat' dir='ltr'><strong>dixit,</strong></span> 
     </span>
     <span class='ocr_line' id='line_1_7' title="bbox 86 645 888 711; baseline -0.002 -12"><span class='ocrx_word' id='word_1_44' title='bbox 86 664 138 700; x_wconf 87' lang='lat' dir='ltr'><strong>nec</strong></span> <span class='ocrx_word' id='word_1_45' title='bbox 149 648 204 698; x_wconf 84' lang='lat' dir='ltr'><strong>alio</strong></span> <span class='ocrx_word' id='word_1_46' title='bbox 217 648 330 698; x_wconf 85' lang='lat' dir='ltr'><strong>oraculo</strong></span> <span class='ocrx_word' id='word_1_47' title='bbox 344 646 397 696; x_wconf 90' lang='lat' dir='ltr'><strong>sibi</strong></span> <span class='ocrx_word' id='word_1_48' title='bbox 409 661 478 711; x_wconf 91' lang='lat' dir='ltr'><strong>opus</strong></span> <span class='ocrx_word' id='word_1_49' title='bbox 491 660 563 696; x_wconf 83' lang='lat' dir='ltr'><strong>esse.</strong></span> <span class='ocrx_word' id='word_1_50' title='bbox 599 647 640 695; x_wconf 84' lang='lat'><strong>17.</strong></span> <span class='ocrx_word' id='word_1_51' title='bbox 668 645 719 696; x_wconf 84' lang='lat' dir='ltr'><strong>llis</strong></span> <span class='ocrx_word' id='word_1_52' title='bbox 739 645 822 697; x_wconf 87' lang='lat' dir='ltr'><strong>rebus</strong></span> <span class='ocrx_word' id='word_1_53' title='bbox 844 662 888 697; x_wconf 86' lang='lat' dir='ltr'><strong>ce·</strong></span> 
     </span>
     <span class='ocr_line' id='line_1_8' title="bbox 86 714 889 780; baseline -0.004 -13"><span class='ocrx_word' id='word_1_54' title='bbox 86 717 184 768; x_wconf 91' lang='lat' dir='ltr'><strong>leriter</strong></span> <span class='ocrx_word' id='word_1_55' title='bbox 199 714 343 776; x_wconf 85' lang='lat' dir='ltr'><strong>confectis,</strong></span> <span class='ocrx_word' id='word_1_56' title='bbox 364 715 392 764; x_wconf 92' lang='lat' dir='ltr'><strong>in</strong></span> <span class='ocrx_word' id='word_1_57' title='bbox 406 726 522 780; x_wconf 86' lang='lat' dir='ltr'><strong>regnum</strong></span> <span class='ocrx_word' id='word_1_58' title='bbox 534 727 689 780; x_wconf 72' lang='lat' dir='ltr'>regressus,</span> <span class='ocrx_word' id='word_1_59' title='bbox 710 728 815 764; x_wconf 90' lang='lat' dir='ltr'><strong>summo</strong></span> <span class='ocrx_word' id='word_1_60' title='bbox 832 721 889 764; x_wconf 87' lang='lat' dir='ltr'><strong>stu-</strong></span> 
     </span>
     <span class='ocr_line' id='line_1_9' title="bbox 87 781 889 848; baseline -0.002 -14"><span class='ocrx_word' id='word_1_61' title='bbox 87 785 133 836; x_wconf 91' lang='lat' dir='ltr'><strong>dio</strong></span> <span class='ocrx_word' id='word_1_62' title='bbox 143 784 171 833; x_wconf 93' lang='lat' dir='ltr'><strong>in</strong></span> <span class='ocrx_word' id='word_1_63' title='bbox 183 783 330 834; x_wconf 83' lang='lat' dir='ltr'><strong>vindictam</strong></span> <span class='ocrx_word' id='word_1_64' title='bbox 346 787 456 848; x_wconf 85' lang='lat' dir='ltr'><strong>spretae</strong></span> <span class='ocrx_word' id='word_1_65' title='bbox 470 781 654 832; x_wconf 78' lang='lat' dir='ltr'><strong>Macedonum</strong></span> <span class='ocrx_word' id='word_1_66' title='bbox 674 781 830 832; x_wconf 84' lang='lat' dir='ltr'><strong>maiestatis</strong></span> <span class='ocrx_word' id='word_1_67' title='bbox 849 783 889 832; x_wconf 92' lang='lat' dir='ltr'><strong>in-</strong></span> 
     </span>
     <span class='ocr_line' id='line_1_10' title="bbox 87 848 889 916; baseline -0.005 -14"><span class='ocrx_word' id='word_1_68' title='bbox 87 851 189 902; x_wconf 87' lang='lat' dir='ltr'><strong>cubuit.</strong></span> <span class='ocrx_word' id='word_1_69' title='bbox 226 850 337 916; x_wconf 87' lang='lat' dir='ltr'><strong>lamque</strong></span> <span class='ocrx_word' id='word_1_70' title='bbox 348 850 519 915; x_wconf 87' lang='lat' dir='ltr'><strong>praeparatis</strong></span> <span class='ocrx_word' id='word_1_71' title='bbox 531 848 666 909; x_wconf 91' lang='lat' dir='ltr'><strong>omnibus,</strong></span> <span class='ocrx_word' id='word_1_72' title='bbox 687 863 752 898; x_wconf 84' lang='lat' dir='ltr'><strong>rere</strong></span> <span class='ocrx_word' id='word_1_73' title='bbox 766 863 838 899; x_wconf 87' lang='lat' dir='ltr'><strong>novo</strong></span> <span class='ocrx_word' id='word_1_74' title='bbox 855 864 889 899; x_wconf 84' lang='lat' dir='ltr'><strong>ex</strong></span> 
     </span>
     <span class='ocr_line' id='line_1_11' title="bbox 85 914 890 986; baseline -0.006 -15"><span class='ocrx_word' id='word_1_75' title='bbox 85 917 243 986; x_wconf 82' lang='lat' dir='ltr'><strong>Amphipoli</strong></span> <span class='ocrx_word' id='word_1_76' title='bbox 253 932 367 968; x_wconf 86' lang='lat' dir='ltr'><strong>movens</strong></span> <span class='ocrx_word' id='word_1_77' title='bbox 378 917 510 968; x_wconf 81' lang='lat' dir='ltr'><strong>adversus</strong></span> <span class='ocrx_word' id='word_1_78' title='bbox 520 915 623 968; x_wconf 87' lang='lat' dir='ltr'><strong>liberas</strong></span> <span class='ocrx_word' id='word_1_79' title='bbox 634 914 770 966; x_wconf 80' lang='lat' dir='ltr'><strong>Thraciae</strong></span> <span class='ocrx_word' id='word_1_80' title='bbox 782 922 890 982; x_wconf 85' lang='lat' dir='ltr'><strong>gentes,</strong></span> 
     </span>
     <span class='ocr_line' id='line_1_12' title="bbox 88 983 890 1051; baseline -0.005 -13"><span class='ocrx_word' id='word_1_81' title='bbox 88 987 202 1038; x_wconf 81' lang='lat' dir='ltr'><strong>decimis</strong></span> <span class='ocrx_word' id='word_1_82' title='bbox 214 985 313 1036; x_wconf 87' lang='lat' dir='ltr'><strong>eastris</strong></span> <span class='ocrx_word' id='word_1_83' title='bbox 324 984 357 1033; x_wconf 92' lang='lat' dir='ltr'><strong>ad</strong></span> <span class='ocrx_word' id='word_1_84' title='bbox 369 989 489 1034; x_wconf 89' lang='lat' dir='ltr'><strong>montem</strong></span> <span class='ocrx_word' id='word_1_85' title='bbox 499 983 615 1034; x_wconf 86' lang='lat' dir='ltr'><strong>Aemurn</strong></span> <span class='ocrx_word' id='word_1_86' title='bbox 626 983 760 1051; x_wconf 85' lang='lat' dir='ltr'><strong>pervenit.</strong></span> <span class='ocrx_word' id='word_1_87' title='bbox 781 985 820 1035; x_wconf 82' lang='lat'><strong>18.</strong></span> <span class='ocrx_word' id='word_1_88' title='bbox 831 985 890 1034; x_wconf 82' lang='lat' dir='ltr'><strong>hla-</strong></span> 
     </span>
     <span class='ocr_line' id='line_1_13' title="bbox 87 1051 887 1122; baseline -0.005 -16"><span class='ocrx_word' id='word_1_89' title='bbox 87 1070 141 1122; x_wconf 87' lang='lat' dir='ltr'><strong>gna</strong></span> <span class='ocrx_word' id='word_1_90' title='bbox 160 1052 300 1104; x_wconf 84' lang='lat' dir='ltr'><strong>Thracum</strong></span> <span class='ocrx_word' id='word_1_91' title='bbox 319 1065 416 1100; x_wconf 91' lang='lat' dir='ltr'><strong>manus</strong></span> <span class='ocrx_word' id='word_1_92' title='bbox 435 1051 529 1117; x_wconf 86' lang='lat' dir='ltr'><strong>iugum</strong></span> <span class='ocrx_word' id='word_1_93' title='bbox 550 1056 745 1118; x_wconf 86' lang='lat' dir='ltr'><strong>occupaverat,</strong></span> <span class='ocrx_word' id='word_1_94' title='bbox 770 1053 887 1102; x_wconf 86' lang='lat' dir='ltr'><strong>transitu</strong></span> 
     </span>
     <span class='ocr_line' id='line_1_14' title="bbox 87 1116 888 1190; baseline -0.006 -18"><span class='ocrx_word' id='word_1_95' title='bbox 87 1120 264 1190; x_wconf 90' lang='lat' dir='ltr'><strong>prohibitura</strong></span> <span class='ocrx_word' id='word_1_96' title='bbox 272 1132 376 1184; x_wconf 86' lang='lat' dir='ltr'><strong>regem.</strong></span> <span class='ocrx_word' id='word_1_97' title='bbox 414 1116 512 1169; x_wconf 76' lang='lat' dir='ltr'><strong>Castra</strong></span> <span class='ocrx_word' id='word_1_98' title='bbox 521 1119 690 1184; x_wconf 89' lang='lat' dir='ltr'><strong>plaustrisin</strong></span> <span class='ocrx_word' id='word_1_99' title='bbox 701 1119 813 1170; x_wconf 90' lang='lat' dir='ltr'><strong>modum</strong></span> <span class='ocrx_word' id='word_1_100' title='bbox 822 1120 888 1170; x_wconf 72' lang='lat' dir='ltr'><strong>salli</strong></span> 
     </span>
     <span class='ocr_line' id='line_1_15' title="bbox 87 1183 907 1250; baseline -0.004 -11"><span class='ocrx_word' id='word_1_101' title='bbox 87 1187 336 1247; x_wconf 84' lang='lat' dir='ltr'><strong>circumdederant,</strong></span> <span class='ocrx_word' id='word_1_102' title='bbox 346 1200 395 1250; x_wconf 91' lang='lat' dir='ltr'><strong>pro</strong></span> <span class='ocrx_word' id='word_1_103' title='bbox 417 1185 503 1235; x_wconf 84' lang='lat' dir='ltr'><strong>ulsuri</strong></span> <span class='ocrx_word' id='word_1_104' title='bbox 516 1187 544 1235; x_wconf 90' lang='lat' dir='ltr'><strong>in</strong></span> <span class='ocrx_word' id='word_1_105' title='bbox 556 1183 672 1249; x_wconf 82' lang='lat' dir='ltr'><strong>hostem,</strong></span> <span class='ocrx_word' id='word_1_106' title='bbox 686 1186 711 1236; x_wconf 91' lang='lat' dir='ltr'><strong>si</strong></span> <span class='ocrx_word' id='word_1_107' title='bbox 721 1189 762 1236; x_wconf 88' lang='lat' dir='ltr'><strong>ris</strong></span> <span class='ocrx_word' id='word_1_108' title='bbox 772 1185 888 1236; x_wconf 83' lang='lat' dir='ltr'><strong>inferre·</strong></span> <span class='ocrx_word' id='word_1_109' title='bbox 906 1191 907 1195; x_wconf 77' lang='grc'>’</span> 
     </span>
     <span class='ocr_line' id='line_1_16' title="bbox 87 1201 889 1320; baseline -0.002 -14"><span class='ocrx_word' id='word_1_110' title='bbox 87 1264 140 1306; x_wconf 91' lang='lat' dir='ltr'><strong>tur.</strong></span> <span class='ocrx_word' id='word_1_111' title='bbox 168 1253 214 1320; x_wconf 64' lang='lat' dir='ltr'><strong>ld.</strong></span> <span class='ocrx_word' id='word_1_112' title='bbox 227 1253 392 1313; x_wconf 83' lang='lat' dir='ltr'><strong>Alexander,</strong></span> <span class='ocrx_word' id='word_1_113' title='bbox 399 1201 582 1303; x_wconf 77' lang='lat' dir='ltr'><strong>harbarorum</strong></span> <span class='ocrx_word' id='word_1_114' title='bbox 594 1260 655 1303; x_wconf 86' lang='lat' dir='ltr'><strong>astu</strong></span> <span class='ocrx_word' id='word_1_115' title='bbox 667 1255 790 1320; x_wconf 86' lang='lat' dir='ltr'><strong>cognito,</strong></span> <span class='ocrx_word' id='word_1_116' title='bbox 802 1255 889 1306; x_wconf 82' lang='lat' dir='ltr'><strong>edixit</strong></span> 
     </span>
     <span class='ocr_line' id='line_1_17' title="bbox 85 1319 888 1389; baseline 0 -16"><span class='ocrx_word' id='word_1_117' title='bbox 85 1321 230 1381; x_wconf 88' lang='lat' dir='ltr'><strong>militibus,</strong></span> <span class='ocrx_word' id='word_1_118' title='bbox 246 1326 276 1370; x_wconf 94' lang='lat' dir='ltr'><strong>ut</strong></span> <span class='ocrx_word' id='word_1_119' title='bbox 287 1319 417 1385; x_wconf 85' lang='lat' dir='ltr'><strong>plaustris</strong></span> <span class='ocrx_word' id='word_1_120' title='bbox 428 1319 607 1383; x_wconf 86' lang='lat' dir='ltr'><strong>irruentibus,</strong></span> <span class='ocrx_word' id='word_1_121' title='bbox 629 1321 741 1372; x_wconf 88' lang='lat' dir='ltr'><strong>diducta</strong></span> <span class='ocrx_word' id='word_1_122' title='bbox 751 1319 888 1389; x_wconf 80' lang='lat' dir='ltr'><strong>phalange</strong></span> 
     </span>
     <span class='ocr_line' id='line_1_18' title="bbox 85 1386 888 1454; baseline 0 -14"><span class='ocrx_word' id='word_1_123' title='bbox 85 1389 200 1440; x_wconf 84' lang='lat' dir='ltr'><strong>innoxia</strong></span> <span class='ocrx_word' id='word_1_124' title='bbox 211 1387 295 1438; x_wconf 91' lang='lat' dir='ltr'><strong>dilabi</strong></span> <span class='ocrx_word' id='word_1_125' title='bbox 305 1392 480 1452; x_wconf 88' lang='lat' dir='ltr'><strong>paterentur;</strong></span> <span class='ocrx_word' id='word_1_126' title='bbox 499 1394 556 1448; x_wconf 84' lang='lat' dir='ltr'><strong>aut,</strong></span> <span class='ocrx_word' id='word_1_127' title='bbox 571 1388 595 1438; x_wconf 90' lang='lat' dir='ltr'><strong>si</strong></span> <span class='ocrx_word' id='word_1_128' title='bbox 608 1386 772 1454; x_wconf 86' lang='lat' dir='ltr'><strong>deprehensi</strong></span> <span class='ocrx_word' id='word_1_129' title='bbox 784 1397 888 1451; x_wconf 86' lang='lat' dir='ltr'><strong>essent,</strong></span> 
     </span>
     <span class='ocr_line' id='line_1_19' title="bbox 85 1454 889 1520; baseline 0.001 -13"><span class='ocrx_word' id='word_1_130' title='bbox 85 1456 162 1507; x_wconf 86' lang='lat' dir='ltr'><strong>humi</strong></span> <span class='ocrx_word' id='word_1_131' title='bbox 182 1454 272 1516; x_wconf 88' lang='lat' dir='ltr'><strong>strati,</strong></span> <span class='ocrx_word' id='word_1_132' title='bbox 293 1455 400 1520; x_wconf 88' lang='lat' dir='ltr'><strong>clypeis</strong></span> <span class='ocrx_word' id='word_1_133' title='bbox 420 1462 497 1506; x_wconf 86' lang='lat' dir='ltr'><strong>arcte</strong></span> <span class='ocrx_word' id='word_1_134' title='bbox 518 1457 682 1517; x_wconf 87' lang='lat' dir='ltr'><strong>commissis,</strong></span> <span class='ocrx_word' id='word_1_135' title='bbox 702 1457 843 1508; x_wconf 84' lang='lat' dir='ltr'><strong>testudine</strong></span> <span class='ocrx_word' id='word_1_136' title='bbox 858 1472 889 1508; x_wconf 81' lang='lat' dir='ltr'><strong>se</strong></span> 
     </span>
     <span class='ocr_line' id='line_1_20' title="bbox 84 1521 889 1592; baseline 0.001 -18"><span class='ocrx_word' id='word_1_137' title='bbox 84 1529 274 1592; x_wconf 82' lang='lat' dir='ltr'><strong>protegerent.</strong></span> <span class='ocrx_word' id='word_1_138' title='bbox 321 1524 362 1572; x_wconf 83' lang='lat'><strong>20.</strong></span> <span class='ocrx_word' id='word_1_139' title='bbox 404 1521 446 1573; x_wconf 86' lang='lat' dir='ltr'><strong>lta</strong></span> <span class='ocrx_word' id='word_1_140' title='bbox 466 1521 585 1573; x_wconf 90' lang='lat' dir='ltr'><strong>hostium</strong></span> <span class='ocrx_word' id='word_1_141' title='bbox 603 1524 684 1574; x_wconf 93' lang='lat' dir='ltr'><strong>dolus</strong></span> <span class='ocrx_word' id='word_1_142' title='bbox 707 1524 803 1576; x_wconf 90' lang='lat' dir='ltr'><strong>irritus</strong></span> <span class='ocrx_word' id='word_1_143' title='bbox 826 1524 889 1576; x_wconf 84' lang='lat' dir='ltr'><strong>fuit.</strong></span> 
     </span>
     <span class='ocr_line' id='line_1_21' title="bbox 84 1591 889 1659; baseline 0.001 -16"><span class='ocrx_word' id='word_1_144' title='bbox 84 1593 188 1659; x_wconf 87' lang='lat' dir='ltr'><strong>Magna</strong></span> <span class='ocrx_word' id='word_1_145' title='bbox 198 1591 385 1657; x_wconf 89' lang='lat' dir='ltr'><strong>plaustrorum</strong></span> <span class='ocrx_word' id='word_1_146' title='bbox 395 1604 459 1655; x_wconf 84' lang='lat' dir='ltr'><strong>pars</strong></span> <span class='ocrx_word' id='word_1_147' title='bbox 469 1605 519 1656; x_wconf 91' lang='lat' dir='ltr'><strong>per</strong></span> <span class='ocrx_word' id='word_1_148' title='bbox 531 1591 677 1642; x_wconf 82' lang='lat' dir='ltr'><strong>intervalla</strong></span> <span class='ocrx_word' id='word_1_149' title='bbox 697 1592 824 1642; x_wconf 88' lang='lat' dir='ltr'><strong>ordinum</strong></span> <span class='ocrx_word' id='word_1_150' title='bbox 842 1593 889 1644; x_wconf 86' lang='lat' dir='ltr'><strong>dc·</strong></span> 
     </span>
     <span class='ocr_line' id='line_1_22' title="bbox 84 1658 890 1727; baseline 0.001 -16"><span class='ocrx_word' id='word_1_151' title='bbox 84 1661 246 1711; x_wconf 78' lang='lat' dir='ltr'><strong>volutaest:</strong></span> <span class='ocrx_word' id='word_1_152' title='bbox 266 1659 461 1726; x_wconf 85' lang='lat' dir='ltr'><strong>quaearnratis</strong></span> <span class='ocrx_word' id='word_1_153' title='bbox 481 1658 614 1720; x_wconf 91' lang='lat' dir='ltr'><strong>incidere,</strong></span> <span class='ocrx_word' id='word_1_154' title='bbox 635 1659 741 1725; x_wconf 89' lang='lat' dir='ltr'><strong>clypeis</strong></span> <span class='ocrx_word' id='word_1_155' title='bbox 760 1661 890 1727; x_wconf 83' lang='lat' dir='ltr'><strong>impacta,</strong></span> 
     </span>
     <span class='ocr_line' id='line_1_23' title="bbox 60 1723 889 1796; baseline -0.001 -16.058"><span class='ocrx_word' id='word_1_156' title='bbox 60 1727 65 1731; x_wconf 64' lang='grc'>”</span> <span class='ocrx_word' id='word_1_157' title='bbox 86 1741 193 1796; x_wconf 78' lang='lat' dir='ltr'><strong>suoque</strong></span> <span class='ocrx_word' id='word_1_158' title='bbox 200 1728 306 1794; x_wconf 91' lang='lat' dir='ltr'><strong>impetu</strong></span> <span class='ocrx_word' id='word_1_159' title='bbox 316 1725 491 1777; x_wconf 83' lang='lat' dir='ltr'><strong>subsilientia</strong></span> <span class='ocrx_word' id='word_1_160' title='bbox 502 1723 569 1776; x_wconf 93' lang='lat' dir='ltr'><strong>nihil</strong></span> <span class='ocrx_word' id='word_1_161' title='bbox 579 1727 710 1793; x_wconf 85' lang='lat' dir='ltr'><strong>ponderis</strong></span> <span class='ocrx_word' id='word_1_162' title='bbox 720 1726 753 1776; x_wconf 87' lang='lat' dir='ltr'><strong>ad</strong></span> <span class='ocrx_word' id='word_1_163' title='bbox 761 1728 889 1779; x_wconf 89' lang='lat' dir='ltr'><strong>obteren-</strong></span> 
     </span>
     <span class='ocr_line' id='line_1_24' title="bbox 85 1793 887 1861; baseline -0.001 -14"><span class='ocrx_word' id='word_1_164' title='bbox 85 1797 149 1847; x_wconf 92' lang='lat' dir='ltr'><strong>dum</strong></span> <span class='ocrx_word' id='word_1_165' title='bbox 171 1794 304 1847; x_wconf 84' lang='lat' dir='ltr'><strong>habuere:</strong></span> <span class='ocrx_word' id='word_1_166' title='bbox 325 1795 469 1860; x_wconf 91' lang='lat' dir='ltr'><strong>omnisque</strong></span> <span class='ocrx_word' id='word_1_167' title='bbox 483 1794 533 1844; x_wconf 87' lang='lat' dir='ltr'><strong>illa</strong></span> <span class='ocrx_word' id='word_1_168' title='bbox 546 1800 696 1861; x_wconf 88' lang='lat' dir='ltr'><strong>tempestas</strong></span> <span class='ocrx_word' id='word_1_169' title='bbox 707 1793 778 1844; x_wconf 87' lang='lat' dir='ltr'><strong>citra</strong></span> <span class='ocrx_word' id='word_1_170' title='bbox 788 1811 887 1846; x_wconf 83' lang='lat' dir='ltr'><strong>noxam</strong></span> 
     </span>
     <span class='ocr_line' id='line_1_25' title="bbox 85 1861 886 1924; baseline -0.001 -10"><span class='ocrx_word' id='word_1_171' title='bbox 85 1864 221 1914; x_wconf 89' lang='lat' dir='ltr'><strong>detonuit.</strong></span> <span class='ocrx_word' id='word_1_172' title='bbox 258 1865 299 1914; x_wconf 89' lang='lat'><strong>21.</strong></span> <span class='ocrx_word' id='word_1_173' title='bbox 328 1863 390 1923; x_wconf 69' lang='lat' dir='ltr'><strong>Quo</strong></span> <span class='ocrx_word' id='word_1_174' title='bbox 402 1869 477 1912; x_wconf 90' lang='lat' dir='ltr'><strong>metu</strong></span> <span class='ocrx_word' id='word_1_175' title='bbox 486 1862 599 1912; x_wconf 87' lang='lat' dir='ltr'><strong>liberati</strong></span> <span class='ocrx_word' id='word_1_176' title='bbox 608 1861 786 1924; x_wconf 89' lang='lat' dir='ltr'><strong>Macedones,</strong></span> <span class='ocrx_word' id='word_1_177' title='bbox 802 1863 886 1913; x_wconf 85' lang='lat' dir='ltr'><strong>alacri</strong></span> 
     </span>
     <span class='ocr_line' id='line_1_26' title="bbox 86 1928 888 1995; baseline -0.002 -13"><span class='ocrx_word' id='word_1_178' title='bbox 86 1931 207 1982; x_wconf 89' lang='lat' dir='ltr'><strong>clamore</strong></span> <span class='ocrx_word' id='word_1_179' title='bbox 219 1930 304 1990; x_wconf 90' lang='lat' dir='ltr'><strong>edito,</strong></span> <span class='ocrx_word' id='word_1_180' title='bbox 316 1931 528 1995; x_wconf 87' lang='lat' dir='ltr'><strong>impressionem</strong></span> <span class='ocrx_word' id='word_1_181' title='bbox 538 1928 651 1979; x_wconf 82' lang='lat' dir='ltr'><strong>faciunt.</strong></span> <span class='ocrx_word' id='word_1_182' title='bbox 687 1928 888 1990; x_wconf 85' lang='lat' dir='ltr'><strong>Procurrentes</strong></span> 
     </span>
     <span class='ocr_line' id='line_1_27' title="bbox 84 1997 889 2065; baseline -0.001 -16"><span class='ocrx_word' id='word_1_183' title='bbox 84 1999 219 2050; x_wconf 80' lang='lat' dir='ltr'><strong>barbaros</strong></span> <span class='ocrx_word' id='word_1_184' title='bbox 239 1999 397 2065; x_wconf 88' lang='lat' dir='ltr'><strong>praegressi</strong></span> <span class='ocrx_word' id='word_1_185' title='bbox 415 2011 433 2046; x_wconf 78' lang='lat' dir='ltr'><strong>n</strong></span> <span class='ocrx_word' id='word_1_186' title='bbox 451 1997 549 2046; x_wconf 85' lang='lat' dir='ltr'><strong>dextro</strong></span> <span class='ocrx_word' id='word_1_187' title='bbox 571 2011 656 2048; x_wconf 91' lang='lat' dir='ltr'><strong>cornu</strong></span> <span class='ocrx_word' id='word_1_188' title='bbox 677 1998 815 2064; x_wconf 84' lang='lat' dir='ltr'><strong>sagittarii</strong></span> <span class='ocrx_word' id='word_1_189' title='bbox 834 1997 889 2048; x_wconf 84' lang='lat' dir='ltr'><strong>fre-</strong></span> 
     </span>
     <span class='ocr_line' id='line_1_28' title="bbox 85 2063 889 2134; baseline 0 -18"><span class='ocrx_word' id='word_1_190' title='bbox 85 2066 232 2134; x_wconf 89' lang='lat' dir='ltr'><strong>quentibus</strong></span> <span class='ocrx_word' id='word_1_191' title='bbox 243 2063 307 2115; x_wconf 89' lang='lat' dir='ltr'><strong>telis</strong></span> <span class='ocrx_word' id='word_1_192' title='bbox 317 2063 503 2114; x_wconf 90' lang='lat' dir='ltr'><strong>incessebant.</strong></span> <span class='ocrx_word' id='word_1_193' title='bbox 540 2063 581 2113; x_wconf 84' lang='lat' dir='ltr'><strong>lta</strong></span> <span class='ocrx_word' id='word_1_194' title='bbox 599 2065 658 2114; x_wconf 89' lang='lat' dir='ltr'><strong>sine</strong></span> <span class='ocrx_word' id='word_1_195' title='bbox 679 2065 804 2130; x_wconf 89' lang='lat' dir='ltr'><strong>periculo</strong></span> <span class='ocrx_word' id='word_1_196' title='bbox 822 2064 889 2132; x_wconf 85' lang='lat' dir='ltr'><strong>pha·</strong></span> 
     </span>
    </p>
   </div>
   <div class='ocr_carea' id='block_1_3' title="bbox 84 2131 887 2249">
    <p class='ocr_par' dir='ltr' id='par_1_3' title="bbox 84 2131 887 2249">
     <span class='ocr_line' id='line_1_29' title="bbox 84 2131 887 2249; baseline -0.001 -65"><span class='ocrx_word' id='word_1_197' title='bbox 84 2135 151 2184; x_wconf 81' lang='lat' dir='ltr'><strong>lanx</strong></span> <span class='ocrx_word' id='word_1_198' title='bbox 159 2137 188 2185; x_wconf 91' lang='lat' dir='ltr'><strong>in</strong></span> <span class='ocrx_word' id='word_1_199' title='bbox 197 2135 331 2184; x_wconf 82' lang='lat' dir='ltr'><strong>verticem</strong></span> <span class='ocrx_word' id='word_1_200' title='bbox 342 2132 428 2191; x_wconf 82' lang='lat' dir='ltr'><strong>enisa,</strong></span> <span class='ocrx_word' id='word_1_201' title='bbox 448 2135 479 2180; x_wconf 89' lang='lat' dir='ltr'><strong>ut</strong></span> <span class='ocrx_word' id='word_1_202' title='bbox 491 2131 607 2196; x_wconf 90' lang='lat' dir='ltr'><strong>primum</strong></span> <span class='ocrx_word' id='word_1_203' title='bbox 622 2147 711 2249; x_wconf 76' lang='lat' dir='ltr'><strong>aeppo</strong></span> <span class='ocrx_word' id='word_1_204' title='bbox 723 2132 786 2182; x_wconf 90' lang='lat' dir='ltr'><strong>loco</strong></span> <span class='ocrx_word' id='word_1_205' title='bbox 798 2134 887 2183; x_wconf 90' lang='lat' dir='ltr'><strong>consi-</strong></span> 
     </span>
    </p>
   </div>
   <div class='ocr_carea' id='block_1_4' title="bbox 84 2197 889 2803">
    <p class='ocr_par' dir='ltr' id='par_1_4' title="bbox 84 2197 889 2803">
     <span class='ocr_line' id='line_1_30' title="bbox 85 2197 888 2267; baseline -0.001 -15"><span class='ocrx_word' id='word_1_206' title='bbox 85 2207 160 2252; x_wconf 89' lang='lat' dir='ltr'><strong>stere</strong></span> <span class='ocrx_word' id='word_1_207' title='bbox 174 2201 275 2267; x_wconf 92' lang='lat' dir='ltr'><strong>potuit,</strong></span> <span class='ocrx_word' id='word_1_208' title='bbox 296 2197 368 2249; x_wconf 91' lang='lat' dir='ltr'><strong>haud</strong></span> <span class='ocrx_word' id='word_1_209' title='bbox 388 2197 518 2264; x_wconf 81' lang='lat' dir='ltr'><strong>ambigua</strong></span> <span class='ocrx_word' id='word_1_210' title='bbox 529 2199 648 2251; x_wconf 80' lang='lat' dir='ltr'><strong>victoria</strong></span> <span class='ocrx_word' id='word_1_211' title='bbox 683 2205 772 2250; x_wconf 91' lang='lat' dir='ltr'><strong>ostem</strong></span> <span class='ocrx_word' id='word_1_212' title='bbox 786 2200 888 2251; x_wconf 91' lang='lat' dir='ltr'><strong>nudum</strong></span> 
     </span>
     <span class='ocr_line' id='line_1_31' title="bbox 84 2265 887 2328; baseline -0.001 -9"><span class='ocrx_word' id='word_1_213' title='bbox 84 2273 133 2319; x_wconf 92' lang='lat' dir='ltr'><strong>aut</strong></span> <span class='ocrx_word' id='word_1_214' title='bbox 150 2268 250 2318; x_wconf 88' lang='lat' dir='ltr'><strong>leviter</strong></span> <span class='ocrx_word' id='word_1_215' title='bbox 263 2271 396 2318; x_wconf 86' lang='lat' dir='ltr'><strong>armatum</strong></span> <span class='ocrx_word' id='word_1_216' title='bbox 413 2265 532 2317; x_wconf 89' lang='lat' dir='ltr'><strong>disiecit.</strong></span> <span class='ocrx_word' id='word_1_217' title='bbox 568 2269 610 2318; x_wconf 77' lang='lat'><strong>22.</strong></span> <span class='ocrx_word' id='word_1_218' title='bbox 640 2267 695 2319; x_wconf 88' lang='lat' dir='ltr'><strong>Sed</strong></span> <span class='ocrx_word' id='word_1_219' title='bbox 716 2266 812 2318; x_wconf 88' lang='lat' dir='ltr'><strong>eadem</strong></span> <span class='ocrx_word' id='word_1_220' title='bbox 832 2282 887 2328; x_wconf 88' lang='lat' dir='ltr'><strong>res,</strong></span> 
     </span>
     <span class='ocr_line' id='line_1_32' title="bbox 85 2332 887 2402; baseline -0.002 -16"><span class='ocrx_word' id='word_1_221' title='bbox 85 2349 156 2402; x_wconf 88' lang='lat' dir='ltr'><strong>quae</strong></span> <span class='ocrx_word' id='word_1_222' title='bbox 166 2335 300 2385; x_wconf 80' lang='lat' dir='ltr'><strong>barbaros</strong></span> <span class='ocrx_word' id='word_1_223' title='bbox 311 2335 338 2383; x_wconf 91' lang='lat' dir='ltr'><strong>in</strong></span> <span class='ocrx_word' id='word_1_224' title='bbox 349 2332 457 2399; x_wconf 88' lang='lat' dir='ltr'><strong>proelio</strong></span> <span class='ocrx_word' id='word_1_225' title='bbox 469 2334 640 2399; x_wconf 85' lang='lat' dir='ltr'><strong>prodiderat,</strong></span> <span class='ocrx_word' id='word_1_226' title='bbox 657 2337 684 2384; x_wconf 93' lang='lat' dir='ltr'><strong>iu</strong></span> <span class='ocrx_word' id='word_1_227' title='bbox 695 2333 762 2399; x_wconf 84' lang='lat' dir='ltr'><strong>fuga</strong></span> <span class='ocrx_word' id='word_1_228' title='bbox 772 2335 887 2386; x_wconf 88' lang='lat' dir='ltr'><strong>adiurit.</strong></span> 
     </span>
     <span class='ocr_line' id='line_1_33' title="bbox 84 2400 888 2468; baseline -0.001 -15"><span class='ocrx_word' id='word_1_229' title='bbox 84 2402 175 2453; x_wconf 78' lang='lat' dir='ltr'><strong>Armis</strong></span> <span class='ocrx_word' id='word_1_230' title='bbox 185 2400 259 2451; x_wconf 88' lang='lat' dir='ltr'><strong>haud</strong></span> <span class='ocrx_word' id='word_1_231' title='bbox 270 2415 337 2450; x_wconf 80' lang='lat' dir='ltr'><strong>sane</strong></span> <span class='ocrx_word' id='word_1_232' title='bbox 352 2403 459 2452; x_wconf 75' lang='lat' dir='ltr'><strong>onerati</strong></span> <span class='ocrx_word' id='word_1_233' title='bbox 469 2408 596 2467; x_wconf 89' lang='lat' dir='ltr'><strong>pernota</strong></span> <span class='ocrx_word' id='word_1_234' title='bbox 606 2403 669 2462; x_wconf 87' lang='lat' dir='ltr'><strong>loca</strong></span> <span class='ocrx_word' id='word_1_235' title='bbox 683 2401 770 2451; x_wconf 80' lang='lat' dir='ltr'><strong>facile</strong></span> <span class='ocrx_word' id='word_1_236' title='bbox 787 2402 888 2468; x_wconf 78' lang='lat' dir='ltr'><strong>dilapsi</strong></span> 
     </span>
     <span class='ocr_line' id='line_1_34' title="bbox 86 2468 888 2535; baseline -0.001 -15"><span class='ocrx_word' id='word_1_237' title='bbox 86 2476 157 2520; x_wconf 90' lang='lat' dir='ltr'><strong>sunt.</strong></span> <span class='ocrx_word' id='word_1_238' title='bbox 193 2468 236 2518; x_wconf 83' lang='lat' dir='ltr'><strong>lta</strong></span> <span class='ocrx_word' id='word_1_239' title='bbox 253 2468 419 2519; x_wconf 83' lang='lat' dir='ltr'><strong>desideratis</strong></span> <span class='ocrx_word' id='word_1_240' title='bbox 434 2485 469 2520; x_wconf 81' lang='lat' dir='ltr'><strong>ex</strong></span> <span class='ocrx_word' id='word_1_241' title='bbox 490 2471 562 2520; x_wconf 90' lang='lat' dir='ltr'><strong>omni</strong></span> <span class='ocrx_word' id='word_1_242' title='bbox 582 2483 696 2520; x_wconf 88' lang='lat' dir='ltr'><strong>numero</strong></span> <span class='ocrx_word' id='word_1_243' title='bbox 715 2469 791 2520; x_wconf 89' lang='lat' dir='ltr'><strong>mille</strong></span> <span class='ocrx_word' id='word_1_244' title='bbox 811 2471 888 2535; x_wconf 90' lang='lat' dir='ltr'><strong>quin·</strong></span> 
     </span>
     <span class='ocr_line' id='line_1_35' title="bbox 85 2535 888 2606; baseline -0.005 -18"><span class='ocrx_word' id='word_1_245' title='bbox 85 2537 187 2606; x_wconf 86' lang='lat' dir='ltr'><strong>gentis,</strong></span> <span class='ocrx_word' id='word_1_246' title='bbox 208 2543 316 2586; x_wconf 88' lang='lat' dir='ltr'><strong>ceteros</strong></span> <span class='ocrx_word' id='word_1_247' title='bbox 331 2535 399 2604; x_wconf 83' lang='lat' dir='ltr'><strong>iuga</strong></span> <span class='ocrx_word' id='word_1_248' title='bbox 418 2537 544 2587; x_wconf 86' lang='lat' dir='ltr'><strong>abstulit:</strong></span> <span class='ocrx_word' id='word_1_249' title='bbox 563 2536 708 2587; x_wconf 89' lang='lat' dir='ltr'><strong>mulierum</strong></span> <span class='ocrx_word' id='word_1_250' title='bbox 727 2551 888 2602; x_wconf 87' lang='lat' dir='ltr'><strong>puerorum-</strong></span> 
     </span>
     <span class='ocr_line' id='line_1_36' title="bbox 85 2602 889 2672; baseline -0.002 -17"><span class='ocrx_word' id='word_1_251' title='bbox 85 2621 138 2672; x_wconf 87' lang='lat' dir='ltr'><strong>que</strong></span> <span class='ocrx_word' id='word_1_252' title='bbox 148 2605 256 2672; x_wconf 87' lang='lat' dir='ltr'><strong>ingenti</strong></span> <span class='ocrx_word' id='word_1_253' title='bbox 265 2605 451 2666; x_wconf 90' lang='lat' dir='ltr'><strong>multitudine,</strong></span> <span class='ocrx_word' id='word_1_254' title='bbox 462 2602 619 2670; x_wconf 89' lang='lat' dir='ltr'><strong>praedaque</strong></span> <span class='ocrx_word' id='word_1_255' title='bbox 627 2617 676 2670; x_wconf 89' lang='lat' dir='ltr'><strong>pro</strong></span> <span class='ocrx_word' id='word_1_256' title='bbox 688 2603 812 2653; x_wconf 90' lang='lat' dir='ltr'><strong>locorum</strong></span> <span class='ocrx_word' id='word_1_257' title='bbox 823 2617 889 2654; x_wconf 88' lang='lat' dir='ltr'><strong>oon·</strong></span> 
     </span>
     <span class='ocr_line' id='line_1_37' title="bbox 85 2668 886 2739; baseline -0.005 -16"><span class='ocrx_word' id='word_1_258' title='bbox 85 2673 191 2724; x_wconf 90' lang='lat' dir='ltr'><strong>ditione</strong></span> <span class='ocrx_word' id='word_1_259' title='bbox 204 2673 271 2723; x_wconf 90' lang='lat' dir='ltr'><strong>satis</strong></span> <span class='ocrx_word' id='word_1_260' title='bbox 282 2673 381 2739; x_wconf 85' lang='lat' dir='ltr'><strong>ampla,</strong></span> <span class='ocrx_word' id='word_1_261' title='bbox 393 2674 483 2722; x_wconf 89' lang='lat' dir='ltr'><strong>victor</strong></span> <span class='ocrx_word' id='word_1_262' title='bbox 492 2669 599 2734; x_wconf 90' lang='lat' dir='ltr'><strong>potitus</strong></span> <span class='ocrx_word' id='word_1_263' title='bbox 610 2679 662 2722; x_wconf 89' lang='lat' dir='ltr'><strong>est.</strong></span> <span class='ocrx_word' id='word_1_264' title='bbox 677 2670 717 2719; x_wconf 81' lang='lat'><strong>23.</strong></span> <span class='ocrx_word' id='word_1_265' title='bbox 731 2668 777 2720; x_wconf 88' lang='lat' dir='ltr'><strong>Sic</strong></span> <span class='ocrx_word' id='word_1_266' title='bbox 788 2676 886 2736; x_wconf 87' lang='lat' dir='ltr'><strong>aperto</strong></span> 
     </span>
     <span class='ocr_line' id='line_1_38' title="bbox 84 2735 888 2803; baseline -0.005 -13"><span class='ocrx_word' id='word_1_267' title='bbox 84 2741 187 2791; x_wconf 91' lang='lat' dir='ltr'><strong>montis</strong></span> <span class='ocrx_word' id='word_1_268' title='bbox 199 2741 275 2792; x_wconf 83' lang='lat' dir='ltr'><strong>Aemi</strong></span> <span class='ocrx_word' id='word_1_269' title='bbox 287 2741 414 2800; x_wconf 90' lang='lat' dir='ltr'><strong>transitu,</strong></span> <span class='ocrx_word' id='word_1_270' title='bbox 425 2739 453 2787; x_wconf 91' lang='lat' dir='ltr'><strong>in</strong></span> <span class='ocrx_word' id='word_1_271' title='bbox 463 2736 599 2786; x_wconf 90' lang='lat' dir='ltr'><strong>interiora</strong></span> <span class='ocrx_word' id='word_1_272' title='bbox 610 2735 747 2787; x_wconf 89' lang='lat' dir='ltr'><strong>Thraciae</strong></span> <span class='ocrx_word' id='word_1_273' title='bbox 759 2744 888 2803; x_wconf 88' lang='lat' dir='ltr'><strong>penetra·</strong></span> 
     </span>
    </p>
   </div>
   <div class='ocr_carea' id='block_1_5' title="bbox 0 0 1022 3030">
    <p class='ocr_par' dir='ltr' id='par_1_5' title="bbox 0 0 1022 3030">
     <span class='ocr_line' id='line_1_39' title="bbox 0 0 1022 3030; baseline 0 0"><span class='ocrx_word' id='word_1_274' title='bbox 0 0 1022 3030; x_wconf 95' lang='lat' dir='ltr'><strong> </strong></span> 
     </span>
    </p>
   </div>
  </div>
 </body>
</html>
