2036 3030
151 141 154 146 ¹
221 179 539 244 'surenamnnrn
559 181 638 232 urs.
658 181 678 231 r.
699 181 784 234 cnr.
803 187 827 235 2.
905 185 922 234 τ

116 299 183 335 nan.
220 283 243 333 o.
264 281 409 349 Philippus
430 283 551 333 nationis
571 283 695 335 eiusdem
715 284 856 348 adiectus,
875 287 923 352 qui

118 351 307 402 valetudinem
318 349 923 418 pueriregeret:Hellanicae(Dropidiserat
1015 373 1016 380 ¹

115 419 188 479 lilia,
208 433 243 469 ex
253 418 455 468 illustrioribus
464 417 649 469 Macedonum
659 419 782 482 leminis)
795 421 921 486 eorporis

119 494 151 538 et
169 501 274 536 morum
293 491 371 535 recta
389 485 524 552 temperie
542 485 676 550 probatae
692 487 807 538 nutricis
823 502 921 537 munus

117 553 314 609 demandatum
324 558 374 603 est.
409 555 435 603 7.
455 552 516 602 llac
534 567 601 602 cura
618 567 721 618 paucos
739 554 813 604 intra
832 569 920 604 annus

118 620 249 672 effectum
261 625 316 682 est,
338 625 368 670 ut
380 619 435 670 iam
444 625 503 669 tum
512 619 641 683 polliceri
651 619 792 671 videretur
804 635 866 671 eum
879 637 920 670 re-

118 703 191 756 gem,
211 702 292 756 quem
306 687 483 752 postmodum
497 684 632 737 exhibuit.
667 685 736 737 Nam
751 697 779 738 et
791 688 819 738 in
830 689 920 753 pueri-

116 757 191 806 libus
201 755 332 805 membris
343 755 495 805 indomitus
506 754 646 804 eminebat
656 756 746 820 vigor3
763 761 791 804 et
801 756 919 804 eximiae

116 823 221 874 indolis
242 827 405 890 argumenta
424 826 544 870 aetatem
563 821 647 890 longe
661 829 870 886 praevenerant.
894 823 918 872 8.

115 889 267 942 Excellens
283 889 377 938 nativa
390 893 419 937 et
428 889 548 954 genuina
557 895 701 939 venustate
712 889 848 954 corporis,
864 889 919 938 cul-

112 965 176 1009 tum
197 955 411 1022 aspernabatur,
434 955 541 1005 anxiam
567 954 673 1006 formae
696 971 791 1006 curam
810 955 920 1006 feminis

113 1025 270 1076 convenire
282 1023 421 1083 dictitans,
437 1036 508 1089 quae
518 1022 595 1073 nulla
605 1024 660 1074 alia
671 1023 737 1074 rlote
748 1038 836 1090 aeque
848 1036 921 1073 com·
1015 1019 1016 1030 ²

115 1091 330 1142 mendarentur:
350 1090 375 1138 si
386 1089 496 1140 virtutis
509 1091 594 1156 potiri
608 1091 786 1158 contigisset,
803 1091 871 1140 satis
892 1106 923 1140 se

118 1158 279 1226 speciosum
294 1156 364 1208 fore.
399 1155 424 1208 9.
442 1157 508 1208 Fuit
519 1166 624 1226 autem,
643 1174 725 1226 quum
742 1158 922 1219 adolevisset,

116 1231 195 1278 iusta
213 1225 396 1276 membrorum
415 1226 597 1291 proportione
612 1228 787 1292 conspicuus,
808 1226 922 1276 artubus
964 1271 967 1276 .

116 1293 258 1354 robustis,
274 1292 416 1358 probeque
428 1293 592 1358 compactis:
611 1294 639 1343 vi
649 1301 755 1355 tamen,
770 1307 850 1360 quam
862 1307 922 1358 spc-

117 1361 173 1424 cie,
186 1361 317 1423 validi0r3
337 1362 436 1426 quippe
449 1360 575 1425 corporis
586 1360 645 1410 eius
656 1359 766 1411 habitus
778 1361 850 1410 intra
860 1374 922 1427 pro-

117 1428 266 1480 ceritatem
279 1427 366 1478 stetit.
404 1429 442 1477 lt).
463 1427 560 1478 Cutem
579 1425 676 1478 habuit
695 1426 849 1490 candidam,
869 1429 923 1476 nisi

116 1495 194 1564 quod
203 1497 233 1545 in
242 1494 332 1555 malis,
343 1495 463 1560 itemque
474 1501 599 1560 pectore,
615 1500 696 1560 grato
707 1494 808 1545 rubore
818 1493 922 1545 suffun-

118 1564 250 1615 debaturs
274 1561 404 1627 capillum
417 1561 527 1625 flavum,
547 1563 648 1613 leniter
663 1562 810 1620 intortum:
827 1577 923 1612 nasum

115 1628 288 1698 aquilinum:
303 1628 402 1679 oculos
412 1630 513 1690 varios,
531 1645 593 1680 nam
603 1629 699 1680 laevus
710 1629 824 1696 glaucus
834 1628 923 1680 fuisse
1015 1685 1016 1688 Ἴ

116 1697 249 1758 traditur,
270 1694 359 1745 altero
379 1694 540 1762 nigerrimo.
575 1697 772 1747 lneratautem
788 1697 857 1762 ipsis
878 1711 923 1746 oc·

114 1765 197 1816 culta
208 1763 344 1829 quaedam
355 1762 406 1821 ris,
418 1767 448 1811 ut
457 1763 702 1812 sinereneratione
713 1770 795 1828 atque
807 1763 923 1812 horrore

117 1831 242 1900 quodam
254 1829 421 1880 intuentium
436 1842 491 1877 non
507 1828 706 1894 adspiceretur.
743 1831 782 1878 11.
802 1829 924 1878 Pernici-

117 1907 177 1950 tate
191 1897 293 1965 pedum
308 1895 464 1946 adorirabili
478 1894 544 1959 luit3
561 1911 650 1962 quam,
665 1901 696 1946 ut
708 1909 824 1962 magnae
836 1897 864 1945 in
879 1911 924 1948 ex·

118 1965 309 2034 peditionibus
320 1963 462 2024 utilitatis,
481 1963 565 2014 etiam
578 1979 629 2014 rex
639 1977 694 2013 non
707 1964 801 2014 omisit
812 1978 924 2013 exerce-

118 2049 159 2097 re,
175 2047 315 2101 saepeque
329 2047 390 2082 eum
402 2031 586 2082 velocissimis
597 2047 711 2082 suorum
722 2046 805 2081 cursu
816 2038 923 2081 certare

118 2103 196 2152 visus
207 2107 264 2152 est:
280 2099 415 2166 patientia
430 2097 535 2149 laboris
550 2114 633 2164 supra
643 2099 725 2149 iidem
736 2099 850 2161 eximia3
870 2113 924 2164 qua

118 2182 204 2235 saepe
214 2183 277 2229 una,
291 2166 460 2216 difficillimis
470 2167 655 2233 temporibus,
678 2166 732 2216 sibi
743 2165 922 2217 exercitibus-

119 2251 173 2302 que
185 2236 242 2286 suis
253 2235 371 2285 salutem
386 2235 503 2299 peperit.
539 2235 579 2285 12.
598 2233 854 2297 Exercitationibus
865 2247 923 2284 cre·

118 2301 188 2365 bris,
209 2309 237 2354 et
252 2301 422 2352 calidissima
438 2302 563 2366 corporis
576 2302 725 2367 temperie,
744 2301 824 2365 adeo,
845 2300 923 2368 quid·

120 2372 187 2435 quid
196 2369 292 2422 vitiosi
303 2367 426 2418 humoris
438 2369 488 2418 sub
499 2376 562 2419 cute
574 2369 671 2436 colligi
681 2369 768 2431 solet,
784 2383 923 2435 expugna-

121 2439 169 2498 vit,
178 2444 210 2488 ut
220 2451 332 2488 suavem
344 2450 379 2486 ex
389 2450 438 2486 ore
448 2437 632 2503 membrisque
644 2434 787 2488 exhalaret
797 2436 922 2494 odorem,

121 2517 211 2572 eoque
225 2505 309 2555 ctiam
323 2503 444 2563 tunicas,
467 2503 565 2571 quibus
579 2509 713 2566 uteretur,
728 2503 869 2570 impleret:
887 2501 923 2551 ob

122 2571 233 2622 easdem
243 2585 351 2632 causas,
362 2576 393 2620 ut
404 2570 514 2637 quidam
523 2575 635 2636 putant,
652 2571 788 2622 silvinum
798 2571 923 2635 iramque

121 2631 281 2702 proclivior.
317 2638 357 2688 13.
376 2637 512 2688 Visuntur
531 2636 621 2687 adbuc
639 2638 776 2704 imagines
794 2637 853 2686 eius
869 2640 925 2683 sta·

120 2713 248 2773 tuaeque,
260 2719 428 2757 summorum
438 2704 575 2756 artificum
588 2719 685 2771 opera:
701 2703 820 2754 necuim
828 2700 925 2766 vulga·
