2082 3042
263 212 411 263 LIBER
438 213 520 265 Vlll.
549 213 642 266 οΛΡ.
672 217 712 266 12.
741 216 782 266 lt.
885 215 934 268 341

124 315 167 368 lta
187 314 293 364 amicos
311 313 400 380 ipsius
420 312 600 366 vehementer
624 313 750 367 offendit.
785 315 809 366 Ε
833 315 934 383 quibus

124 381 203 434 Mela
242 394 282 443 er,
292 396 377 447 super
386 395 501 432 coenam
512 380 637 448 largiore
647 381 712 433 vino
723 398 800 446 usus,
811 382 933 450 gratula-

124 449 151 500 ri
162 461 194 500 se
203 395 360 500 fiexandro
372 449 455 512 dixit,
477 449 553 516 quod
565 449 666 500 saltem
678 449 796 500 inludia
812 453 933 516 reperis-

125 521 171 568 set
189 515 301 582 dignum
321 516 435 568 talentis
455 517 541 568 mille.
578 517 618 566 18.
638 516 713 577 Rex,
734 513 807 566 haud
828 517 932 568 oblitus

126 597 209 651 quam
220 596 303 650 aegre
314 585 436 646 tulisset,
447 585 523 651 quod
536 584 638 634 Clitum
650 583 685 634 ob
697 584 809 650 linguae
821 585 932 635 temeri·
1032 631 1033 636 ,

124 656 212 701 tatem
225 651 384 713 occidisset,
396 652 467 702 iram
477 651 589 719 quidem
599 651 699 713 tenuit,
707 650 759 702 sed
770 650 853 700 dixit:
864 652 933 702 inri-

126 717 178 768 dos
186 715 313 771 homines
322 716 393 769 nihil
401 719 486 779 aliud,
493 734 575 785 quam
583 721 706 783 ipsorum
713 722 931 769 essetormente.

177 783 250 837 xiil.
270 786 391 837 Postero
407 785 452 836 die
469 786 557 854 legati
567 787 701 836 Abisarae
717 786 812 838 adiere
826 798 932 850 regem.

126 851 226 905 Omnia
237 853 336 904 ditioni
349 854 418 913 eius,
440 855 481 904 ita
490 861 522 904 ut
530 855 689 904 mandatum
701 859 771 916 erat,
791 851 934 918 permitte·
1030 877 1033 884 v

123 919 204 971 hant:
216 921 380 987 firmataque
393 921 510 971 invicem
522 921 585 984 fide,
593 923 772 972 remittuntur
782 919 817 970 ad
828 933 932 985 regem.

124 989 150 1039 2.
170 985 274 1038 Porum
290 1002 400 1054 quoque
412 988 531 1040 nominis
543 989 586 1040 sui
597 988 672 1039 lama
681 994 758 1040 ratus
770 986 936 1039 addeditio·

125 1068 189 1104 nem
200 1068 285 1120 posse
300 1055 441 1122 compelli,
460 1057 538 1106 misit
549 1057 585 1108 ad
599 1071 661 1108 eum
672 1053 865 1116 Cleocharem‚
889 1053 936 1120 qui

113 1121 307 1178 denuntiaret
316 1124 352 1186 ei,
372 1127 403 1174 ut
413 1124 581 1189 stipendium
594 1125 739 1192 penderet,
761 1124 831 1174 etin
845 1122 934 1188 primo

125 1189 222 1238 sanium
233 1204 345 1240 suorum
357 1191 435 1242 aditu
446 1200 608 1244 occurreret
618 1193 688 1260 regi.
713 1191 803 1242 Porus
816 1191 936 1241 alterum

126 1270 162 1306 ex
182 1254 225 1306 his
239 1255 377 1309 facturum
392 1274 455 1310 sese
469 1261 623 1328 respondit,
643 1266 675 1311 ut
688 1261 803 1312 intranti
818 1259 935 1326 regnum

126 1338 206 1374 suum
216 1332 329 1389 praesto
342 1331 428 1390 esset,
440 1327 490 1378 sed
501 1334 631 1380 armatus.
668 1329 692 1378 3.
712 1329 769 1378 lam
780 1327 935 1394 Hydaspen

125 1390 284 1444 Alexander
303 1409 437 1460 superare
460 1395 636 1459 decreveram
658 1411 741 1462 quum
752 1396 934 1454 Barzaentes,

126 1456 295 1511 defectionis
308 1459 473 1513 Arachosiis
496 1469 605 1524 auctor,
624 1465 743 1526 vinctus,
763 1464 935 1528 trigintaque

127 1525 270 1592 elephanti
280 1527 362 1578 simul
378 1531 453 1594 capti
466 1529 665 1594 perducuntur,
688 1535 874 1594 opportunum
888 1527 936 1578 ad·

125 1607 225 1644 versus
235 1592 320 1643 Indos
331 1593 477 1646 auxilium:
497 1597 598 1662 quippe
609 1594 673 1661 plus
683 1599 711 1646 in
722 1594 834 1654 belluis,
854 1607 936 1658 quam

125 1662 156 1710 iu
173 1659 309 1721 exercitu,
328 1663 389 1725 spei
405 1677 437 1712 ac
451 1662 550 1713 virium
564 1662 702 1713 illiserat.
726 1663 762 1712 -4.
784 1661 936 1712 Ganraxus·

127 1741 191 1795 que,
211 1741 261 1778 rex
281 1728 401 1796 exiguae
421 1729 508 1794 partis
520 1729 660 1791 ludorum,
681 1730 728 1797 qui
740 1729 891 1780 Barzaenti
906 1743 936 1780 se

7 1827 9 1838 ·
53 1797 58 1806 ’
127 1795 322 1858 coniunxerat,
342 1796 452 1846 rinctus
469 1796 605 1858 adductus
618 1803 670 1848 est.
706 1797 730 1847 5.
748 1797 838 1863 Igitur
848 1803 937 1846 trans-

126 1863 196 1930 fuga
207 1869 235 1914 et
244 1863 343 1930 regulo
355 1865 385 1914 in
396 1864 562 1926 custodiam,
573 1863 730 1932 elephantis
741 1870 832 1915 autem
843 1863 938 1914 Taxili

126 1929 249 1994 traditis,
271 1932 305 1983 ad
317 1947 425 1983 amnem
434 1932 590 1999 Hydaspen
601 1934 740 2000 pervenit3
760 1932 789 1981 in
804 1931 883 1982 cuius
897 1930 937 1980 ul·

126 1997 234 2049 teriore
244 1999 306 2064 ripa
316 1999 408 2050 Porus
418 2001 597 2066 consederat,
615 2000 735 2051 transitu
746 1997 938 2066 prohibiturus

126 2065 248 2117 hostem.
276 2065 301 2117 6.
312 2065 420 2118 LXXX
430 2074 459 2120 et
467 2069 493 2122 V
505 2067 825 2135 elephantos-obiecerat
834 2065 937 2116 eximio

128 2148 279 2200 corporum
290 2133 407 2198 robore3
422 2135 552 2203 ultraque
564 2151 613 2188 eos
624 2151 722 2188 currus
734 2134 811 2196 000,
824 2139 853 2185 et
862 2131 938 2198 pedi·

126 2208 186 2253 turn
196 2200 278 2252 XXX
289 2199 350 2252 fere
359 2202 458 2264 millia,
477 2206 506 2254 in
535 2209 578 2256 uis
590 2210 670 2255 erant
682 2201 832 2270 sagittarii,
853 2199 938 2250 sicuti

129 2275 193 2320 ante
205 2269 310 2322 dictum
322 2276 374 2332 est,
395 2220 572 2338 graviorihus
583 2272 658 2335 telis,
678 2285 760 2388 ‹puam
776 2276 807 2322 ut
817 2271 880 2336 apte
892 2282 938 2319 cx-

130 2339 188 2387 euti
206 2343 333 2404 possent.
367 2337 394 2388 i.
417 2337 510 2404 ipsum
529 2337 650 2390 vehebat
671 2335 834 2404 ecphantus
854 2349 939 2402 super

131 2409 240 2455 ceteras
259 2403 369 2456 belluas
389 2405 527 2470 eminens;
548 2421 677 2473 annaque
693 2420 762 2457 auro
777 2409 806 2456 et
820 2419 850 2454 ar
871 2409 938 2455 ento

130 2470 264 2523 distinete
286 2487 389 2540 corpus
414 2487 496 2524 rarae
518 2473 719 2542 magnitudinis
742 2471 861 2525 honesta
882 2475 937 2520 ant.

128 2537 186 2590 Par
206 2541 313 2592 animus
332 2541 431 2592 robori
451 2542 589 2608 eorporis,
608 2548 637 2593 et
652 2548 755 2609 quanta
769 2541 842 2590 inter
852 2535 938 2588 rudes

128 2612 243 2674 poterat
260 2621 323 2660 esse
339 2610 485 2725 sapientia.
522 2609 546 2659 8.
563 2609 736 2662 Macedonas
752 2622 808 2659 non
823 2619 939 2671 conspe·

129 2679 192 2725 ctus
203 2671 327 2724 hostium
337 2691 369 2726 so
383 2691 437 2740 um,
458 2677 508 2728 sed
520 2676 603 2728 etiam
615 2675 746 2738 fluminis,
767 2672 841 2742 quod
851 2678 939 2724 trans-

129 2743 252 2794 eundum
263 2747 336 2806 erat,
356 2745 519 2813 magnitudo
531 2746 664 2798 terrebat.
702 2739 939 2806 Quatuorinlati·
