2036 3030
147 172 464 226 SUPPLEMENTA.
484 176 562 227 LIB.
581 178 601 228 l.
631 177 720 228 cAP.
741 179 780 231 13.
834 181 866 231 11

55 281 160 327 contra
169 289 314 327 commune
326 275 463 328 Graeciae
487 277 629 330 decretum
650 295 711 332 cum
730 280 866 346 professis

54 341 216 394 Alexandri
228 339 355 395 hostibus
367 345 486 396 consilia
504 347 666 412 miscerent;
686 346 867 402 nihilominus

55 409 258 461 Thebanorum
286 419 414 462 oratores
434 413 614 464 admiserunt.
667 415 691 466 8.
721 415 810 477 Quum
831 432 866 468 ue

56 477 161 544 vulgus
189 477 306 529 militum
332 479 527 532 misericordia
553 489 778 548 permoveretur,
809 433 865 536 3111

56 544 290 611 eorumrlstylus,
308 547 394 597 Arcas
413 562 525 614 genere,
545 563 639 599 moras
652 552 788 613 nectebat,
808 567 865 602 non

55 620 115 662 tarn
125 612 230 679 incepti
241 612 407 665 difficultate
417 617 540 677 territus,
561 629 642 683 quam
653 630 703 682 por
712 619 864 682 avaritiam,

55 685 88 730 ut
100 695 118 730 a
127 676 324 732 festinantibus
336 687 364 732 et
375 683 543 734 necessitate
554 684 645 734 anxiis
655 683 743 734 maius
763 695 864 751 stipen-

56 747 135 797 dium
147 747 297 816 acciperet.
332 748 357 799 9.
384 749 812 815 Decemtalentaposccbantur:
832 767 866 804 ea

55 829 142 881 quum
160 813 288 867 Thebani
314 831 370 866 non
381 816 560 878 conficerent,
584 817 808 869 aMacedonicac
825 818 865 870 ia-

55 881 162 934 ctionis
174 879 333 934 hominibus
345 882 441 933 oblata
452 888 524 944 sunt,
535 889 567 934 ut
576 885 743 951 quiesceret.
778 885 821 936 lta
831 887 865 936 de

53 950 195 1001 Arcadum
206 949 319 1000 auxiliis
330 947 526 1000 Thebanorum
536 966 600 1018 spes
614 953 642 1002 in
662 950 778 1004 nihilum
795 955 865 1004 reci·

55 1018 108 1068 dit.
147 1018 188 1066 lo.
203 1017 286 1066 ‘hlias
297 1023 390 1067 tamen
401 1031 436 1069 ex
446 1016 642 1086 Peloponneso
654 1019 761 1086 copias,
773 1035 807 1070 ne
819 1020 865 1071 ad·

54 1099 158 1134 versus
187 1081 298 1133 Thebas
323 1083 491 1147 militarent,
524 1087 642 1152 pecunia
659 1085 866 1139 Demosthenes

57 1150 173 1202 avertit.
200 1149 325 1218 Namque
335 1157 463 1203 trecenta
471 1153 708 1207 talentaaPcr'sis
719 1156 865 1222 accepisse

56 1217 216 1281 dicebatur,
228 1219 289 1285 quis
300 1219 335 1270 ad
344 1217 539 1272 lacessendum
548 1220 710 1275 Alexandro
721 1224 864 1290 negotium

55 1291 195 1338 uteretur.
234 1287 273 1337 11.
299 1286 352 1338 His
362 1287 403 1339 ita
416 1289 565 1350 nuntiatis,¹
578 1289 735 1342 Alexander
751 1296 864 1357 practer

57 1352 217 1404 Eordaeam
239 1358 268 1404 ct
285 1353 456 1421 Elymiotin,
476 1370 615 1423 rupesque
631 1355 815 1425 Stymphaeas
835 1366 864 1410 et

55 1421 201 1486 Paryaeas
229 1421 302 1487 rapit
316 1423 481 1486 exercitum3
510 1427 684 1492 septimoque
708 1431 781 1491 post
807 1426 863 1488 die,

55 1503 140 1556 quam
153 1503 170 1538 a
185 1487 264 1540 Pelio
284 1491 427 1554 movisset,
447 1489 581 1542 Pellenen
599 1490 766 1544 Thessaliae
787 1494 863 1560 oppi-

57 1557 124 1607 dum
134 1558 267 1622 pervenit.
303 1556 374 1607 Post
383 1564 493 1610 sextum
512 1558 612 1610 deinde
633 1559 706 1610 diem
724 1561 753 1610 in
771 1559 863 1611 Boeo·

55 1625 127 1674 tiam
140 1623 229 1674 venit:
247 1637 313 1675 mox
333 1623 511 1687 Onchestum,
534 1641 585 1679 sex
602 1627 714 1678 circiter
732 1643 863 1693 passuum

55 1690 182 1742 millibus
202 1705 219 1740 a
236 1688 343 1741 Thebis
362 1691 510 1743 distantem
530 1695 677 1758 processit
718 1695 758 1745 12.
788 1695 864 1746 Inter

57 1758 129 1809 hacc
139 1756 267 1809 Thebani
277 1759 382 1808 maiore
393 1760 494 1820 arrimo,
511 1774 592 1824 quam
603 1760 731 1823 consilio,
747 1761 863 1810 admini-

56 1826 155 1878 stratis
164 1826 257 1889 rebus,
278 1825 398 1875 omnium
410 1825 502 1892 ignari
513 1826 642 1892 agebant,
663 1826 864 1877 necdumintra

56 1894 144 1961 Pylas
163 1908 224 1945 esse
252 1892 405 1943 credebant
421 1892 609 1944 Macedonum
633 1893 746 1958 copias:
772 1893 863 1960 ipsum

56 1976 125 2012 vero
136 1975 231 2028 regem
242 1961 402 2023 adventare,
414 1959 485 2011 adeo
496 1961 579 2011 iidem
589 1961 747 2028 superabat,
768 1967 800 2012 ut
814 1975 863 2027 po-

56 2031 113 2080 tius
125 2029 208 2078 alium
221 2027 409 2079 Alexandrum
419 2027 526 2095 Acropi
535 2029 622 2081 lilium
637 2029 771 2080 exercitui
782 2043 861 2094 prae-

56 2111 120 2147 esse
141 2097 348 2147 contenderent.
396 2097 436 2148 13.
458 2097 529 2158 Rex,
555 2097 590 2147 ad
609 2096 704 2148 fanum
723 2096 794 2147 lolai
813 2111 861 2162 po·

58 2164 121 2215 sitis
132 2165 241 2225 castris,
253 2163 327 2231 quod
338 2169 402 2215 ante
413 2163 574 2216 Proetidem
582 2173 691 2231 portam
702 2170 753 2225 est,
765 2165 861 2229 poeni-

57 2233 162 2282 tentiae
184 2246 279 2282 eorum
299 2232 391 2283 locum
411 2232 478 2282 dare
498 2233 695 2294 constituerat;
715 2231 859 2297 quumillr',

56 2301 202 2366 eruptione
223 2297 316 2361 iacta,
337 2301 366 2349 in
385 2302 521 2351 stationes
540 2299 727 2350 Macedonum
748 2299 859 2361 invecti,

57 2368 192 2434 quosdam
210 2367 388 2429 interficiunt,
413 2367 484 2417 alios
503 2367 568 2417 loco
587 2365 702 2433 pellunt,
725 2365 813 2420 donec
824 2369 859 2419 ad

56 2437 118 2502 ipsa
127 2435 182 2485 iarn
194 2440 287 2485 castra
296 2449 464 2502 suggressos
477 2435 579 2484 emissa
597 2434 673 2501 regis
692 2433 771 2485 iussu
789 2435 860 2487 levis

58 2507 197 2553 armatura
206 2502 314 2554 reiecit.
352 2503 391 2552 14.
411 2501 530 2553 Postero
541 2500 586 2551 die
597 2501 633 2568 ad
646 2507 748 2568 portas,
760 2504 859 2569 quibus

57 2571 84 2621 in
100 2569 220 2621 Atticam
242 2569 370 2621 euntibus
389 2571 506 2631 iterem,
526 2576 654 2635 promoto
675 2571 809 2632 exercitu,
829 2575 861 2618 ut

58 2639 114 2689 suis
124 2640 153 2689 in
166 2651 228 2687 arce
247 2638 387 2688 conclusis
404 2643 516 2703 praesto
537 2641 621 2699 essct,
641 2635 731 2688 adhuc
750 2641 860 2687 cuncta-

58 2708 146 2768 batur,
167 2712 203 2768 et,
224 2706 248 2756 si
268 2705 426 2771 poeniteret
436 2703 549 2766 erroris,
573 2701 858 2756 veniamostentabat.
