2082 3042
149 170 199 222 res
369 135 538 230 ournrr
567 166 732 219 courir

151 270 337 337 Spitamenem
358 276 387 322 et
401 271 542 333 Catonem,
562 285 579 318 a
597 269 696 336 quibus
712 269 872 320 eitraditds
891 279 952 321 erat

148 336 263 398 Bessus,
284 336 357 389 haud
371 339 469 389 dubius
485 337 551 405 quin
565 350 661 386 eorum
675 326 762 401 opera
779 335 870 402 redigi
889 352 952 404 pos·
1019 397 1020 400 Ἴ

150 404 248 454 sentin
259 410 435 470 potestatem,
455 407 502 520 qui
512 409 683 454 novaverant
693 417 747 464 res,
767 403 953 456 iussitaccer·
1019 415 1020 456 ζ

150 473 208 521 siri.
245 471 284 522 15.
303 473 338 523 At
351 473 406 534 illi,
425 472 458 522 de
474 469 603 532 ectionis,
623 469 658 520 ad
673 485 755 535 quam
768 473 952 526 coercendam
1019 477 1020 488 ²

149 538 345 600 motabantur,
351 547 488 599 auctores,
493 537 675 604 vulgaverant
685 535 795 598 famam,
806 537 953 598 „Bactria-

148 619 200 658 nos
213 607 321 674 equites
333 621 349 656 a
359 621 426 673 rege
441 619 545 667 onmes,
565 611 596 655 ut
606 604 810 665 occiderentur,
831 607 952 658 accersi-

147 673 186 724 ri:
207 673 290 740 idque
301 675 463 740 imperatum
473 673 550 740 ipsis,
561 686 615 732 pon
627 672 792 722 sustinuisse
803 679 896 732 tamen
907 689 951 726 ex·
1019 703 1020 722 l

150 741 238 807 sequi,
259 755 294 790 ne
310 741 480 806 inexpiabile
494 741 523 790 in
540 739 688 806 populares
704 737 812 789 facinus
824 739 951 792 admitte-

148 815 220 858 rent.
255 807 318 878 Non
332 808 421 875 magis
435 807 588 858 Alexandri
601 806 757 867 saevitiam,
777 820 859 871 quam
870 807 951 858 Bessi
1019 819 1020 828 ¹

148 875 337 941 parricidium,
349 875 422 925 ferre
433 877 589 941 potuisse.“
616 873 712 940 ltaque
723 888 773 923 sua
785 881 887 940 sponte
898 876 949 925 iam

146 948 249 1004 motos,
270 949 345 993 metu
364 957 472 1008 poenae
490 941 562 991 haud
577 941 726 992 difficulter
740 941 950 992 concitaverunt

148 1009 183 1058 ad
194 1024 277 1060 arma.
314 1009 355 1060 lo.
374 1009 543 1069 Alexander,
562 1006 769 1074 transfugarum
789 1007 949 1060 defectione

148 1083 299 1141 comperta,
311 1077 455 1127 Craterum
465 1076 594 1128 obsidere
605 1075 767 1142 Cyropolim
778 1075 867 1127 iubet:
890 1079 948 1143 ipse

148 1143 230 1192 aliam
242 1143 338 1194 urbem
350 1145 474 1208 regionis
486 1143 610 1193 eiusdem
625 1157 729 1193 corona
745 1143 835 1208 capit3
856 1145 949 1212 signo·
1019 1171 1020 1176 =

149 1224 211 1324 que,
222 1215 252 1259 ut
262 1209 381 1274 puberes
392 1211 622 1269 interficerentur,
635 1209 710 1271 dato,
721 1209 822 1276 reliqui
834 1211 861 1260 in
873 1227 950 1278 prae·

168 1289 210 1324 am
222 1289 332 1326 cessere
345 1277 467 1326 victoris.
502 1277 573 1326 Urbs
587 1277 679 1327 diruta
690 1283 741 1338 est,
757 1285 787 1328 ot
797 1280 886 1328 ceteri
897 1281 950 1330 ola-

148 1340 191 1392 dis
202 1341 263 1392 eius
274 1343 400 1410 exemplo
412 1344 628 1394 continerentur.
667 1344 706 1395 lt.
725 1344 895 1408 Memaceni,
907 1361 950 1396 ra-

146 1407 204 1458 lida
214 1423 292 1475 gene,
305 1410 479 1464 obsidionem
489 1425 544 1460 non
554 1418 585 1460 ut
594 1407 782 1462 honestiorem
794 1412 890 1474 nodo,
902 1413 950 1464 sed

147 1475 232 1527 etiam
249 1483 282 1527 ut
300 1478 441 1540 tutiorem,
461 1477 535 1528 serre
554 1478 743 1529 decreverant.
779 1479 949 1547 Adquorum
1019 1487 1020 1490 ’

147 1545 328 1609 pertinaciam
339 1545 518 1614 mitigandam
530 1545 608 1596 rexl.
620 1546 728 1611 equites
739 1547 894 1610 praemisit,
904 1550 950 1614 qui

147 1613 321 1664 clementiam
330 1615 418 1680 ipsius
428 1614 456 1663 in
468 1613 588 1674 deditos,
600 1613 737 1680 simulque
747 1613 949 1664 inexorabilem

146 1679 267 1730 animum
286 1681 313 1731 in
334 1681 459 1732 devictos
480 1680 669 1732 ostenderent.
707 1681 746 1730 18.
766 1681 819 1742 llli,
843 1696 895 1733 nec
916 1683 949 1733 de

146 1747 211 1809 fide,
231 1762 283 1799 nec
298 1749 331 1800 de
345 1749 471 1816 potentia
483 1750 573 1815 regis,
595 1749 672 1814 ipsos
687 1747 814 1798 dubitare
834 1763 951 1815 respon·
1019 1749 1020 1752 ’

146 1812 225 1878 dent3
249 1817 413 1884 equitesque
428 1815 542 1868 tendere
554 1822 633 1866 extra
642 1815 812 1866 munimenta
821 1816 901 1867 urbis
912 1817 950 1867 iu·

146 1880 222 1932 beat.
253 1883 440 1949 Hospitaliter
450 1883 550 1934 deinde
562 1889 704 1947 exceptos,
717 1893 872 1948 gratesque
885 1898 951 1950 epu-

147 1949 184 2000 lis
196 1956 224 2000 et
233 1964 344 2011 somno,
365 1952 532 2016 intempesta
542 1956 624 2000 nocte
635 1949 727 1999 adorti
738 1949 949 2002 interfecerunt

146 2015 186 2066 19.
204 2015 364 2068 Alexander
375 2015 446 2067 baud
458 2032 547 2078 secus,
562 2031 641 2083 quam
652 2029 702 2082 par
713 2024 781 2078 erat,
793 2026 895 2080 nictus,
907 2034 950 2069 ur-

145 2083 207 2132 bem
219 2098 324 2133 corona
334 2084 528 2145 circumdedit3
539 2085 811 2150 munitiorem,quam
818 2092 849 2135 ut
859 2088 949 2152 primo

133 2151 250 2216 impetu
261 2151 323 2216 capi
333 2156 437 2216 posset.
453 2150 548 2217 ltaque
560 2151 732 2218 Meleagrum
744 2159 773 2202 et
784 2151 951 2204 Perdiccam

145 2219 174 2267 in
185 2216 358 2268 obsidionem
369 2218 468 2285 iungit,
480 2219 650 2284 Cyropolim,
662 2224 766 2270 utente
779 2219 886 2270 dictum
898 2228 950 2283 est,

146 2283 317 2337 obsidentes.
345 2286 386 2336 20.
399 2284 541 2336 Statuerat
551 2293 642 2336 autem
655 2301 769 2351 parcere
780 2286 841 2336 urbi
855 2287 950 2339 condi·
1019 2309 1020 2348 ς

145 2350 192 2401 tae
203 2365 219 2398 a
230 2349 317 2416 Cyro:
332 2352 432 2420 quippe
443 2369 497 2403 non
508 2353 591 2404 alium
603 2353 727 2420 gentium
736 2353 847 2404 illarum
858 2356 950 2422 magis
1019 2357 1020 2410 ἰ

145 2417 297 2468 admiratus
316 2426 367 2482 est,
391 2435 471 2537 quam
492 2419 565 2471 hunc
584 2435 693 2487 regem,
714 2427 742 2470 et
763 2420 951 2483 Senriramim,
1019 2415 1020 2476 ξ

145 2500 215 2553 quos
227 2492 256 2536 et
265 2487 389 2554 magnitu
410 2489 455 2538 ine
467 2488 562 2549 animi,
582 2495 612 2538 et
621 2488 749 2537 claritate
759 2502 852 2539 rerum
864 2489 951 2556 longe
1019 2495 1020 2530 ἓ

146 2553 293 2605 emicuisse
312 2555 452 2606 credebat.
488 2555 529 2606 21.
549 2557 678 2606 Ceterum
699 2555 853 2620 pertinacia
874 2557 954 2624 oppi-
1019 2539 1020 2628 i

145 2619 279 2674 danorum
294 2622 354 2674 eius
370 2627 437 2673 iram
452 2621 590 2674 accendit
626 2622 722 2689 ltaque
733 2629 842 2740 captam
852 2626 954 2676 urbem
1019 2643 1020 2670 l

145 2687 227 2755 diripi
237 2690 319 2742 iussit
329 2697 357 2742 et
367 2690 464 2742 deleri.
492 2691 570 2746 Tum.
582 2689 752 2740 Memacenis
782 2691 836 2742 aud
847 2692 957 2743 iniuria
