2054 3030
211 137 683 194 summasunmna.
709 141 799 193 cnr.
821 146 861 194 m.
906 144 939 209 sa
1007 196 1009 210 Ι

116 231 289 312 Ephialtes,
307 249 388 308 porta
399 242 492 292 subito
503 240 655 307 patefacta,
669 243 813 294 dimidium
824 261 939 296 suorum
1010 243 1018 258 *

115 313 257 362 immittit
267 326 328 360 cum
338 309 459 372 facibus3
471 309 532 374 ipse
543 325 604 360 cum
615 312 716 361 ceteris
728 312 814 363 denso
826 315 938 380 agmine
1008 317 1016 369 ',

115 378 325 446 subsequitur,
345 384 377 428 ut
391 377 494 428 hostes*
503 376 662 427 incendium
672 377 862 442 prohibituros
874 381 937 432 sub·
1015 374 1018 418 ἶ

116 451 268 498 moveret.
305 447 346 498 1o.
362 445 529 508 Alexander,
547 444 693 495 intellecto
714 446 779 512 quid
795 455 935 514 ageretur,

113 515 222 566 aciem
233 513 364 564 celeriter
373 513 500 574 instruit,
521 512 648 563 subsidia
662 512 772 563 delecto
787 515 876 566 milite
891 517 937 566 iir-

113 588 197 633 mat.
235 582 379 648 Quumque
396 581 468 632 alios
483 582 519 634 ad
535 579 769 647 exstinguendum
783 581 875 647 ignem
894 585 936 632 ire

118 651 269 712 iussisset,
279 651 309 698 in
321 664 380 708 eos,
391 650 510 716 quicum
520 646 651 714 Ephialte
663 647 840 710 advenerant,
851 651 936 716 impe·

114 716 276 768 tumiacit.
314 718 354 766 ll.
373 718 408 766 rit
417 716 465 766 ille
475 717 529 767 insi
552 714 839 782 nicorpcrisrobore,
858 725 936 782 quot·

120 791 199 851 quot
221 784 351 836 conferre
372 784 472 848 pedem
493 730 644 842 audebant,
666 783 849 844 obtruncans,
870 799 936 835 suos

117 867 209 915 voce,
221 858 300 912 nutu,
317 859 346 901 et
354 849 481 916 inprimis
493 849 630 915 exemplo,
649 849 684 898 ad
694 851 825 900 virtutem
836 853 941 902 anima.
1017 881 1018 888 κ

118 921 186 971 bat.
222 918 322 984 Neque
341 933 438 982 parum
456 917 603 970 molestiae
618 931 633 968 e
646 918 734 968 muris
753 915 937 969 exhibebatur

120 987 224 1038 hosti:
256 985 357 1052 quippe
375 987 474 1036 turrim
501 991 611 1038 centum
642 985 800 1040 cubitorum
827 985 935 1036 obsessi

121 1058 293 1114 erexerant,
311 1053 511 1122 tormentisque
527 1053 672 1106 commode
684 1053 830 1120 dispositis
841 1052 936 1104 hastas

124 1130 159 1172 et
171 1135 241 1173 saxa
252 1119 451 1173 iaculabantur.
482 1124 522 1173 la.
542 1123 618 1173 Inter
628 1119 697 1172 haec
708 1137 743 1172 ex
755 1122 867 1172 diversa
875 1134 936 1188 par-

121 1198 156 1240 te
176 1189 255 1240 urbis
275 1189 287 1250 t
292 1187 345 1255 ipsi
366 1189 502 1256 Tripylon
522 1186 675 1252 vocabant)
696 1189 766 1240 duce
786 1189 937 1254 Memnone

122 1258 202 1308 alius
213 1255 414 1322 oppidanorum
425 1257 542 1325 globus,
564 1273 620 1325 qua
629 1257 743 1307 minime
755 1258 936 1326 exspectaba-

119 1334 186 1386 tur,
206 1324 309 1389 erupit:
328 1330 477 1392 tantusque
491 1327 626 1376 tumultus
640 1326 757 1376 incessit
771 1327 883 1387 castris,
904 1331 936 1375 ut

121 1396 189 1459 ipse
199 1393 285 1442 etiam
295 1407 345 1442 rex
353 1393 465 1444 consilii
475 1395 598 1446 incertus
610 1391 780 1444 efficeretur.
809 1394 865 1444 Sed
876 1394 934 1442 ani-

122 1462 166 1512 mi
175 1459 379 1526 magnitudine,
404 1466 433 1510 et
446 1462 611 1528 opportunis
620 1462 746 1528 imperiis
758 1463 852 1511 omnia
862 1461 935 1528 peri·
1017 1461 1018 1496 ἶ

123 1529 193 1582 cula
207 1527 401 1594 propulsabat3
421 1533 450 1578 et
468 1528 583 1580 fortuna
600 1530 630 1578 in
648 1536 774 1596 tempore
792 1529 933 1578 subvenit.

127 1597 170 1647 13.
190 1595 279 1663 Igitur
291 1601 320 1645 et
329 1596 378 1661 qui
386 1594 528 1646 machinas
538 1596 730 1658 incenderant,
747 1595 935 1647 alliacedoni-

126 1666 192 1726 bus,
214 1663 261 1730 qui
271 1663 311 1713 ibi
322 1662 468 1724 curabant,
489 1665 591 1730 quique
607 1679 624 1712 a
637 1677 704 1729 rege
715 1663 794 1714 missi
807 1661 933 1712 subsidio

124 1736 270 1792 venerant,
282 1744 344 1780 cum
355 1744 456 1796 magna
467 1730 546 1780 clade
556 1729 662 1795 repulsi
675 1735 752 1792 sunt3
771 1735 800 1779 et
809 1730 934 1782 Memno·

124 1815 191 1851 nem
201 1797 381 1849 Ptolemaeus
392 1797 505 1863 'excepit
515 1795 639 1862 Philippi
649 1796 732 1856 iilius,
751 1796 823 1861 regii
836 1809 934 1860 corpo-

125 1869 167 1920 ris
178 1872 285 1928 custos,
306 1871 419 1931 praeter
428 1865 569 1931 propriam
584 1879 693 1915 manum
707 1861 812 1913 Addaei
824 1862 935 1912 Timan-

129 1935 226 2001 drique
247 1931 410 1984 cohortibus
431 1933 563 1999 stipatus:
601 1931 641 1981 li.
663 1945 751 1998 eaque
766 1935 844 1996 parte
856 1945 935 1996 egre-

128 2003 177 2070 gie
197 2002 325 2052 vicerunt
343 1999 529 2064 Macedones,
556 2015 721 2068 quamquam
741 1995 934 2050 Ptolemaeum

106 2069 325 2136 'Addaeuque
336 2105 344 2131 ,
369 2074 399 2120 et
417 2069 627 2136 sagittariorum
649 2069 749 2119 ducem
769 2063 934 2117 Clearcbum

131 2154 191 2190 cum
212 2136 398 2205 quadraginta
415 2135 503 2188 ferme
520 2135 741 2204 manipularibus
759 2134 932 2198 amisissent,

130 2212 160 2258 et
169 2204 263 2256 hostes
274 2219 337 2255 cum
346 2210 425 2255 tanta
433 2204 622 2272 trepidatione
634 2207 826 2264 recesserunt,
846 2209 932 2253 utan-

131 2279 239 2342 gustum
259 2281 387 2340 pontem,
408 2287 490 2338 quem
505 2270 661 2334 adtfossam
672 2269 856 2336 superandam
868 2285 932 2336 con·

129 2345 295 2404 stmxerant
314 2339 463 2391 multitudo
478 2337 672 2393 festinantium
684 2338 799 2404 ruperit,
819 2339 863 2400 iis,
885 2339 932 2405 qui

133 2413 358 2474 supersteterant,
378 2409 408 2458 in
419 2421 554 2475 praeceps
570 2405 720 2458 devolutis.
757 2404 797 2456 15.
816 2407 858 2458 lix
872 2407 932 2474 qui-

132 2478 181 2529 bus
190 2475 319 2527 nonnulli
329 2491 346 2525 a
355 2477 414 2526 suis
424 2474 583 2527 conculcati
592 2474 769 2539 interierunt3
789 2475 861 2525 alios
872 2473 931 2524 lila-

133 2544 249 2598 cedones
267 2558 302 2595 ex
321 2544 467 2610 superiore
485 2542 551 2594 loco
565 2541 631 2592 telis
652 2541 801 2594 confixere.
837 2539 931 2600 Multi,

131 2613 226 2682 qulbus
236 2612 292 2662 ista
303 2611 447 2662 calamitas
457 2615 632 2678 pepercerat,
648 2610 698 2661 sub
708 2609 770 2677 ipsa
780 2607 857 2658 urbis
867 2619 931 2671 por-

131 2689 160 2733 ta
168 2693 262 2732 necem
272 2680 450 2730 invenerunt:
463 2682 563 2747 quippe
576 2678 718 2730 exterritis
730 2673 867 2733 omnibus,
875 2685 919 2721 me

959 2871 997 2904 ¹
1017 2867 1018 2916 l
