2054 3030
135 151 184 202 142
354 146 524 206 ourn'rr
552 145 720 198 coe'rrr
1015 119 1018 188 Ι

134 250 232 302 urbem
242 249 346 298 intrare
356 253 527 312 paterentur.
562 249 597 297 At
607 245 658 309 illi,
670 247 734 297 loco
745 247 815 298 satis
826 246 882 310 fisi,
894 246 953 300 ob·

135 316 272 367 sidionem
292 315 366 365 ferre
388 316 577 366 decreverant.
613 317 638 364 ἵ.
660 314 785 380 Namque
806 315 906 366 urbem
932 330 954 368 a

135 383 288 434 continenti
304 388 423 448 quatuor
435 381 587 432 stadiorum
601 380 702 432 iretum
718 381 825 442 dividit,
845 381 950 434 Africo

133 450 252 500 maxime
273 451 426 511 obiectum,
447 448 560 500 crebros
581 463 616 500 ex
631 448 688 498 alto
709 447 811 499 fluctus
831 449 860 498 in
875 448 950 501 litus
1017 449 1018 496 i

135 517 275 569 evolvens.
311 517 335 567 8.
355 516 414 568 Nec
426 516 590 582 accipiendo
603 517 690 582 operi,
702 531 757 582 quo
768 515 949 568 Macedones

134 585 288 636 continenti
298 584 416 634 insulam
427 585 542 650 iungere
557 585 705 649 parabant,
720 583 872 651 quidquam
886 599 948 634 ma-

133 653 186 717 gis,
205 666 286 717 quam
299 650 348 701 ille
363 657 474 712 ventus,
494 651 633 702 obstabat.
669 651 777 718 Quippe
787 652 835 702 vix
845 652 905 702 leni
916 657 949 704 et

131 719 283 785 tranquillo
295 719 363 768 mari
374 719 462 768 moles
473 720 519 784 agi
530 724 660 783 possunt3
681 717 792 769 Africus
807 732 876 769 vero
887 720 948 785 pri·
1017 729 1018 740 ¹

130 803 175 838 ma
186 801 311 853 quaeque
323 793 458 852 congesta
468 785 550 851 pulsu
559 786 636 836 illisa
646 786 730 837 maris
744 785 867 836 subruit:
890 801 946 838 nec
1016 839 1018 864 Ι

131 854 189 905 ulla
202 862 257 904 tam
272 853 351 903 firma
364 853 452 902 moles
473 859 528 915 est,
550 869 631 918 quam
644 867 699 902 non
714 853 834 904 exedant
847 854 944 904 undae
1017 865 1018 882 ¹

131 937 181 987 per
191 935 278 973 nexus
290 934 404 985 operum
415 927 570 981 manantes,
592 927 621 971 et
635 921 683 971 ubi
694 922 788 972 aerior
797 919 882 970 flatus
894 935 943 972 ex·

131 990 212 1052 stitit,
229 989 327 1038 summi
339 987 431 1050 operis
441 985 556 1052 fastigio
569 986 741 1054 superfusae.
777 987 801 1037 9.
822 985 944 1038 Praeter

133 1055 204 1106 hanc
215 1054 405 1104 difficultatem
415 1052 487 1104 haud
499 1055 590 1104 minor
604 1054 661 1104 alia
675 1062 748 1119 erat;
770 1069 867 1105 muros
881 1061 942 1106 tur·

129 1137 231 1188 resque
243 1122 319 1172 urbis
330 1121 483 1186 praealtum
494 1137 569 1170 mare
581 1121 729 1173 ambiebat:
749 1138 806 1173 non
815 1128 942 1173 tormen·

130 1199 168 1251 ta,
183 1189 260 1238 nisie
278 1188 395 1238 navibus
408 1189 505 1254 procul
516 1204 642 1248 excussa,
655 1191 757 1254 emitti3
775 1205 832 1241 non
843 1190 941 1241 scalae

129 1255 275 1308 moenibus
287 1254 421 1320 applicari
431 1262 570 1320 poterant:
586 1272 719 1324 praeceps
734 1259 764 1308 in
778 1258 868 1308 salum
881 1274 942 1308 mu·
968 1265 972 1276 '

128 1339 178 1375 rus
195 1323 326 1388 pedestre
342 1323 529 1388 interceperat
544 1326 611 1375 iter:
643 1340 727 1376 naves
743 1340 796 1376 nec
816 1323 942 1376 habebat

128 1404 191 1452 rex,
203 1397 243 1450 et,
257 1391 282 1440 si
292 1389 474 1453 admovisset,
488 1392 641 1457 pendentes
652 1400 681 1444 et
692 1392 837 1444 instabiles
846 1392 940 1442 missi·

127 1456 202 1512 libus
222 1457 312 1507 arceri
330 1464 468 1523 poterant.
505 1461 545 1509 lo.
564 1459 639 1510 Inter
661 1475 731 1527 quae
757 1459 830 1510 baud
871 1473 941 1511 arra

128 1525 205 1576 dictu
225 1540 270 1575 res
284 1526 433 1592 Tyriorum
455 1526 584 1578 fiduciam
609 1528 745 1578 accendit.
791 1528 859 1579 Cart
879 1526 940 1594 agi·

127 1593 265 1644 niensium
283 1591 369 1660 legati
389 1593 424 1643 ad
443 1594 639 1645 celebrandum
659 1595 878 1645 anniversarium
894 1608 941 1644 sa-
1016 1597 1017 1600 ’

129 1676 205 1712 crum
226 1676 304 1712 more
320 1662 410 1728 patrio
425 1666 491 1712 tunc
508 1667 652 1712 venerant:
674 1662 774 1728 qnippe
789 1659 940 1729 Carthagi-

126 1743 191 1780 nem
201 1730 282 1797 Tyrii
293 1729 485 1789 condiderunt,
503 1744 612 1795 semper
625 1736 768 1795 parentum
778 1728 843 1779 ioco
856 1729 939 1779 culti.

127 1797 294 1849 lLHortari
305 1813 372 1864 ergo
380 1797 468 1848 Poeni
480 1803 641 1864 coeperunt,
652 1803 682 1846 ut
692 1796 868 1847 obsidionem
878 1795 940 1848 ior·

126 1866 149 1916 ti
161 1867 253 1916 animo
268 1871 443 1931 paterentur;
462 1864 542 1915 brevi
557 1862 725 1930 Cartbagine
745 1864 851 1914 auxilia
869 1879 939 1916 ven·
1015 1871 1016 1910 i

126 1938 199 1983 tura.
235 1931 360 1999 Namque
375 1947 409 1980 ea
421 1937 587 1996 tempestate
601 1946 702 1998 magna
715 1938 839 1997 exparte
850 1931 939 1984 Puni·

128 2001 169 2052 eis
188 1999 326 2050 classibus
343 1999 431 2047 maria
446 1996 655 2049 obsidebantur.
692 2001 732 2049 12.
752 2000 843 2066 Igitur
856 1999 937 2050 bello

127 2067 252 2127 decreto,
272 2080 321 2131 per
341 2078 435 2114 muros
455 2070 600 2131 turresque
616 2071 756 2118 tormenta
771 2067 938 2134 disponunt:
1014 2101 1015 2127 .

126 2149 204 2184 arma
218 2131 374 2183 iunioribus
388 2131 527 2195 dividunt3
546 2134 729 2201 opificesque,
749 2149 868 2202 quorum
889 2150 938 2186 co·

144 2202 172 2252 ia
182 2202 247 2251 urbs
259 2197 430 2259 abundabat,
444 2198 472 2248 in
484 2200 608 2251 officinas
621 2201 797 2253 distribuunt.
835 2201 940 2254 Omnia

125 2217 195 2319 beili
205 2271 338 2332 apparatu
350 2271 488 2332 strepunt:
508 2267 618 2320 ferreae
629 2285 740 2386 quoque
751 2285 849 2321 manus
860 2268 939 2332 (hru-

125 2349 252 2400 pogonas
271 2337 384 2398 vocant)
401 2349 469 2401 quas
489 2337 620 2402 operibus
655 2339 760 2389 ostium
776 2339 938 2402 iniicerent,

126 2402 272 2466 corvique,
286 2407 315 2451 et
326 2400 383 2451 alia
391 2402 503 2453 tuendis
513 2404 628 2455 urbibus
637 2406 807 2472 excogitata,
817 2420 937 2472 praepa-

124 2468 267 2520 rabantur.
303 2468 345 2521 13.
365 2468 421 2522 Sed
440 2486 522 2538 quum
536 2470 697 2524 fornacibus
719 2473 838 2536 ferrum,
858 2474 938 2541 quod

126 2536 225 2588 excudi
238 2537 394 2603 oportebat,
413 2535 573 2604 impositum
588 2548 674 2601 esset,
692 2541 869 2607 admotisque
881 2540 936 2592 iol-

124 2605 198 2656 libus
216 2605 310 2672 ignem
329 2604 397 2656 flatu
417 2606 615 2668 accenderent,
637 2607 782 2675 sanguinis
807 2608 862 2658 rivi
882 2608 937 2660 sub

125 2674 194 2738 ipsis
204 2671 321 2724 flammis
334 2675 477 2725 exstitisse
489 2674 618 2724 dicuntur
625 2711 633 2737 ,
647 2674 731 2742 idque
744 2691 825 2727 omen
836 2676 865 2726 in
875 2676 939 2727 Ma·
