2048 3034
92 229 143 281 ²30
305 225 476 287 QUINTI
504 227 669 278 CURTll

93 335 172 381 catus
186 327 262 395 Agis,
283 343 344 378 curn
359 327 476 380 cohorte
492 343 522 381 re
544 329 580 391 ia,
601 344 672 396 quae
686 344 722 382 ex
732 329 894 384 fortissimis

93 394 247 456 constabat,
262 397 332 458 sein
344 398 465 448 medium
474 345 543 466 *⁹5

384 515 545 566 CAPUT
580 515 600 565 1.

93 603 117 650 l.
129 601 180 630 aa*
190 615 298 669 pugnae
309 601 458 652 discrimen
469 600 591 662 immisit,
602 599 841 667 obtruncatisque,
849 602 895 667 qui

92 670 227 735 promtius
239 668 416 730 resistebant,
435 683 563 735 magnam
579 673 685 734 partem
700 666 821 718 bostium
832 683 896 734 pro·

91 736 172 803 pulit.
209 738 233 788 2.
253 738 414 803 Coeperant
427 734 526 803 lugere
541 735 675 786 victores:
696 741 726 785 et
739 735 829 786 donec
840 739 899 792 avi,

92 805 154 856 dius
165 811 314 872 sequentes
324 803 353 854 in
364 803 476 870 planum
487 803 641 864 deduxere,
656 803 735 853 multi
746 803 896 868 cadebant3

89 873 141 924 sed
152 873 308 940 utprimnm
319 872 408 933 locus,
430 871 459 921 in
469 886 524 940 quo
536 877 610 922 stare
620 877 745 936 possent,
765 869 827 932 fuit,
849 885 895 922 ae-

109 941 152 992 uis
170 941 276 992 viribus
294 940 454 992 dimicatum
469 946 520 990 est.
556 937 580 989 3.
600 939 676 989 luter
690 952 787 989 omnes
801 945 894 990 tamen

88 957 332 1060 {acedaemonios
342 1022 393 1057 rex
403 1007 612 1067 eminebat,non
623 1021 761 1057 armorum
771 1006 856 1056 modo
867 1015 895 1058 et

90 1077 218 1144 corporis
230 1076 333 1142 specie,
353 1073 403 1124 sed
420 1074 504 1125 ctiam
518 1073 708 1140 magnitudine
725 1074 818 1136 animi,
836 1089 893 1141 quo

89 1159 145 1194 uno
166 1144 240 1194 vinci
260 1157 316 1192 non
335 1141 435 1207 potuit.
471 1141 496 1192 4.
520 1141 646 1209 Undique
665 1157 738 1193 nunc
757 1142 893 1204 cominus,

89 1226 163 1262 nunc
178 1211 284 1260 enrinus
297 1209 457 1274 petebatur,
478 1209 580 1274 diuque
594 1225 671 1260 arma
684 1209 892 1271 circumferens,

90 1278 147 1328 alia
156 1277 214 1327 tela
227 1277 327 1342 clypeo
339 1276 506 1343 excipiebat,
518 1290 636 1342 corpore
648 1278 703 1328 alia
715 1277 834 1328 vitabat:
844 1278 895 1328 do-

89 1359 141 1396 nec
155 1343 236 1394 basta
245 1343 354 1395 femora
363 1343 501 1410 perfossa,
513 1343 631 1411 plurimo
643 1346 779 1412 sanguine
792 1343 894 1406 effuso,

89 1412 242 1465 destituere
262 1419 439 1480 pugnantem.
475 1412 500 1462 5.
523 1412 598 1479 Ergo
619 1413 719 1480 clypeo
739 1428 791 1463 suo
814 1427 897 1464 exce·

87 1485 165 1547 ptum
176 1481 307 1548 armigeri
318 1481 417 1548 raptim
427 1482 456 1532 in
468 1487 560 1532 castra
570 1479 742 1542 referebant,
763 1481 894 1532 iactatio-

86 1563 150 1600 nem
172 1549 316 1600 vulnerum
336 1548 409 1600 baud
424 1548 508 1600 facile
524 1549 702 1600 tolerantem.
737 1546 762 1598 6.
782 1545 894 1600 Necta-

85 1631 148 1668 men
169 1619 289 1669 omisere
303 1616 522 1670 Lacedaemonii
535 1631 668 1684 pugnam3
689 1623 717 1666 et
730 1623 762 1667 nt
774 1617 893 1682 primum

86 1685 141 1737 sibi
158 1701 239 1767 qupm
256 1684 331 1738 hosti
341 1686 502 1752 aequiorem
513 1685 606 1736 locum
618 1699 718 1751 capere
729 1690 893 1750 potuerunt,

87 1753 211 1805 densatis
228 1754 371 1806 ordinibus
382 1751 472 1806 effuse
485 1753 615 1804 fluentem
624 1752 654 1802 in
666 1768 696 1803 se
709 1753 798 1802 aciem
811 1766 893 1804 exce-

86 1837 163 1887 pere.
198 1823 224 1872 ἵ.
243 1823 306 1874 Νοη
326 1823 402 1874 aliud
422 1821 570 1872 discrimen
589 1818 780 1870 vehementius
802 1818 893 1871 fuisse

86 1882 397 1957 memoriae‘prorlitum
417 1895 469 1938 est.
507 1887 630 1937 Duarum
654 1887 894 1940 nobilissimarum

85 1955 160 2008 bello
183 1959 306 2024 gentium
327 1956 467 2007 exercitus
481 1956 542 2019 pari
556 1955 647 2006 Marte
660 1955 829 2022 pugnabant.
866 1957 891 2006 8.

85 2022 304 2075 Lacedaemonii
314 2031 422 2083 vetera,
435 2022 605 2073 Macedones
616 2022 776 2088 praesentia
785 2023 894 2073 decora

84 2091 276 2142 intuebantur:
297 2087 340 2140 illi
355 2104 405 2155 pro
420 2087 560 2150 libertate,
581 2087 609 2139 hi
628 2105 679 2156 pro
699 2089 894 2142 dominatione

84 2158 253 2225 pugnabant.
278 2155 510 2207 Lacedaemoniis
522 2158 585 2218 dux,
599 2157 799 2208 Macedonibus
813 2158 894 2209 locus

84 2225 190 2276 deerat.
227 2224 251 2274 9.
269 2223 335 2274 Diei
351 2238 461 2291 quoque
476 2225 557 2276 unius
571 2231 626 2276 tam
643 2224 789 2293 multiplex
809 2241 894 2276 casus

82 2291 167 2342 modo
179 2306 268 2358 spem,
288 2292 371 2342 modo
386 2299 490 2342 metum
501 2293 742 2359 utriusquepartis
753 2293 893 2360 augebat3

81 2359 160 2410 velut
178 2359 212 2409 de
231 2358 370 2410 industria
382 2360 456 2411 inter
469 2359 641 2411 fortissimos
657 2361 734 2411 viros
749 2367 894 2412 certamen

82 2432 220 2494 aequante
238 2426 360 2479 fortuna.
397 2429 438 2479 lo.
458 2429 588 2480 ceterum
608 2430 754 2495 angustiae
774 2428 842 2492 loci,
862 2429 893 2479 in

81 2511 136 2562 quo
149 2493 279 2547 haeserat
290 2511 396 2564 pugna,
419 2512 475 2547 non
485 2495 662 2562 patiebantur
671 2495 740 2546 totis
752 2497 892 2564 congredi

79 2562 195 2615 viribus.
215 2563 384 2628 Spectabant
394 2579 461 2632 ergo
473 2564 577 2630 plures,
584 2578 666 2631 quam
675 2563 798 2614 inierant
806 2579 890 2632 proe-

80 2628 161 2691 lium,
175 2633 258 2696 etqui
271 2638 350 2682 extra
360 2630 411 2682 teli
421 2633 524 2682 iactum
536 2637 623 2692 erant,
636 2632 758 2701 clamope
768 2631 892 2684 invicem

80 2710 148 2747 suos
159 2698 356 2749 accendebant.
395 2701 434 2748 ll.
454 2698 579 2748 Tandem
589 2697 732 2750 Laconum
743 2699 820 2750 acies
832 2699 892 2748 lan·

79 2777 225 2828 guescere,
238 2766 346 2818 lubrica
357 2781 433 2816 arma
445 2766 547 2816 sudore
558 2767 603 2816 vix
615 2769 768 2827 sustinens;
788 2765 892 2832 pedem
