2054 3030
345 207 492 286 bruun
520 208 565 258 iv.
595 209 692 263 cnr.
720 209 745 260 s.
900 204 948 258 its

139 311 307 377 petiturum
325 307 540 375 haudignarus,
560 317 837 378 quamcumstrenuo
848 323 894 360 res
905 323 948 360 es·
999 345 1002 350 ,

141 382 195 440 aet,
203 377 296 428 omnia
305 377 401 444 longin
423 393 519 428 aarum
529 378 654 444 gentium
664 377 948 444 auxiliaBabyluncns

141 441 272 496 contrahi
281 445 373 496 iussit.
433 446 560 506 actriani,
576 442 761 512 Scythaeque,
773 453 801 497 et
811 444 871 496 Indi
882 459 947 494 con·

140 518 287 562 venerant:
300 527 363 564 nam
374 518 403 563 et
414 518 570 564 ceterarum
581 513 704 580 gentium
716 514 812 578 copiae
822 511 949 580 partibus

140 577 224 630 simul
233 577 390 631 adfuerunt
427 581 451 630 3.
471 580 612 642 Ceterum,¹
629 593 711 697 quum
727 578 840 630 dimidio
858 579 947 631 ferme

139 647 232 698 maior
241 653 318 700 esset
328 648 478 710 exercitus,
496 663 577 715 quam
587 650 617 698 in
652 646 731 697 ilicis
740 645 841 708 iuerat,
851 645 946 697 multis

140 729 218 764 arma
237 714 367 777 deerant3
398 729 469 782 quae
490 730 596 765 sumina
618 727 685 764 cura
707 729 767 766 com
789 713 944 764 arabantur.

139 780 287 849 Equitibus
298 783 435 850 equisque
444 787 607 848 tegumenta
617 787 699 832 erant
712 796 748 832 ex
772 781 858 830 erreis
869 781 946 830 lami·

138 852 192 912 nis,
204 850 279 901 serie
289 851 403 910 intense
415 849 562 900 connexis:
575 849 653 916 queis
664 850 945 916 anteapraeteriacu-

138 914 249 968 ianihil
260 916 394 978 dederat,
413 922 493 967 scuta
509 916 652 984 gladiique
667 916 883 968 adiiciebantur:
919 913 944 962 i.

139 998 277 1051 equorum
288 982 420 1034 domandi
435 998 537 1051 greges
554 983 695 1052 peditibus
712 981 855 1035 distributi
873 988 946 1042 sunt,

138 1058 172 1102 ut
180 1049 401 1116 maiorpristino
412 1057 487 1102 esset
496 1053 649 1119 equitatus:
666 1052 695 1103 in
717 1066 831 1118 ensque,
846 1055 878 1100 ut
888 1063 947 1098 cre-

140 1117 263 1180 diderat,
284 1123 377 1169 terras
393 1117 522 1180 hostium,
543 1118 679 1172 ducentae
693 1068 818 1174 fussee
833 1116 946 1186 quadri-

138 1199 204 1303 ξαο,
216 1186 327 1236 unicum
336 1185 447 1238 illarum
458 1188 582 1254 gentium
593 1188 735 1252 auxilium,
747 1193 861 1240 secutae
872 1191 945 1236 sunt.

157 1289 164 1302 .
183 1251 228 1302 Ex
237 1267 344 1304 summo
359 1260 469 1306 temone
486 1253 583 1308 hastae
597 1257 738 1322 praefixae
751 1255 827 1306 ferro
844 1253 946 1306 emine-

130 1319 220 1372 bant:
241 1321 380 1388 utrimque
390 1323 482 1390 aiugo
493 1330 591 1375 ternos
601 1324 763 1376 direxerant
779 1322 902 1390 gladios:
919 1325 948 1370 et

136 1389 212 1439 inter
223 1387 319 1439 radios
329 1396 453 1441 rotarum
471 1391 550 1456 plura
565 1392 673 1460 spicula
682 1385 841 1444 eminebant
856 1393 885 1441 in
899 1387 946 1438 ad-

137 1469 262 1506 versum:
278 1455 351 1508 aliae
362 1457 462 1509 deinde
473 1457 562 1510 falces
572 1461 686 1511 summis
695 1467 820 1510 rotarum
831 1455 946 1508 urbibus

138 1521 308 1586 haerebant;
332 1529 361 1574 et
379 1525 451 1576 aliae
468 1527 616 1578 interram
636 1527 788 1588 demissae,
811 1523 877 1594 quid
898 1522 947 1574 uid

139 1589 252 1642 obvium
261 1592 409 1642 concitatis
417 1593 496 1660 equis
504 1591 614 1657 fuisset,
626 1601 828 1662 amputaturae.
847 1592 871 1644 d.
913 1605 947 1640 oc

138 1659 224 1710 modo
243 1660 383 1709 instructu
401 1660 526 1710 exercitu
545 1676 577 1711 ac
597 1671 772 1728 perarmato,
798 1658 947 1725 Babylone

140 1726 237 1792 copias
247 1726 344 1777 movit.
379 1727 402 1776 A
417 1733 497 1791 parte
512 1728 628 1778 dextera
643 1734 704 1778 erat
716 1728 824 1794 Tigris,
843 1724 946 1775 nabilis

139 1793 256 1858 fluvius3
275 1792 384 1843 laevam
395 1792 508 1860 tegebat
517 1793 688 1861 Euphrates:
707 1809 806 1860 agmen
815 1793 947 1858 Mesopo-

139 1861 245 1914 tamiae
255 1875 369 1927 campos
378 1861 552 1927 impleverat.
588 1863 615 1910 7.
630 1863 712 1929 Tigri
723 1860 823 1912 deinde
834 1873 947 1925 supera-

139 1936 180 1991 to,
201 1945 286 1996 quum
299 1929 426 1980 audisset
444 1926 519 1980 haud
539 1929 638 1997 procui
649 1930 748 1982 abesse
760 1927 879 1989 hostem,
899 1925 946 1978 Sa-

140 2003 281 2063 tropaten
303 1997 425 2064 equitum
443 1995 618 2064 praefectum
643 2015 704 2049 cum
728 1996 806 2048 mille
828 1995 946 2046 delectis

140 2065 295 2182 qraemisit„
331 2065 356 2116 8.
374 2059 495 2117 Mazaeo
506 2067 629 2132 praetori
641 2082 691 2118 sex
700 2065 789 2117 millia
800 2065 873 2123 data,
887 2064 947 2129 qui-

160 2148 193 2182 us
203 2130 316 2184 hostem
321 2134 440 2184 transitu
447 2135 535 2184 amnis
543 2141 666 2199 arceret3
678 2133 770 2185 eidem
777 2130 947 2191 mandatum,

142 2206 173 2251 ut
182 2200 340 2267 regitanam,
361 2215 442 2268 quam
455 2200 616 2252 Alexander
630 2208 707 2254 essct
716 2200 850 2261 aditurus,
861 2213 946 2266 popu-

140 2268 248 2319 leretur
258 2274 341 2334 atque
352 2275 459 2331 ureret3
478 2271 579 2336 quippe
589 2270 730 2330 credebat,
748 2265 947 2333 inopiadebel·

141 2335 195 2388 lari
205 2349 290 2400 pesse
300 2333 371 2395 nihil
381 2333 537 2399 habentem,
558 2336 613 2386 nisi
622 2337 697 2405 quod
709 2334 844 2402 rapiendo
865 2346 947 2386 occu·

143 2409 249 2467 panset:
268 2403 325 2470 ipsi
334 2409 428 2454 autem
439 2409 618 2466 commeatus,
639 2405 688 2454 alii
704 2410 787 2466 terra,
808 2403 857 2456 alii
866 2402 948 2469 Tigri

143 2467 478 2534 amna,subvehebanhrr.
514 2469 540 2522 9.
558 2471 616 2522 lam
627 2479 791 2539 pervenerat
800 2472 836 2523 ad
845 2470 947 2524 Arbela

142 2537 243 2600 sicum,
263 2537 387 2590 nabilem
401 2554 453 2590 sua
469 2539 549 2590 clade
566 2538 702 2591 facturus.
736 2537 792 2590 Hic
811 2551 947 2596 commea·

143 2612 220 2658 tuum
231 2605 457 2674 sarcinarumque
468 2608 574 2660 maiore
585 2613 665 2674 parte
682 2607 818 2674 deposita,
838 2603 948 2672 Lycum

144 2689 254 2734 amnem
264 2681 350 2742 ponte
360 2669 466 2736 iunxit,
481 2682 510 2726 et
525 2689 575 2743 per
585 2675 646 2728 dies
675 2672 786 2744 uinq'ue,
799 2675 874 2725 sicut
882 2677 946 2721 ante

143 2741 325 2811 Euphratem,
340 2742 452 2808 traiecit
462 2744 623 2796 exercitum.
653 2691 702 2861 hil
722 2744 788 2861 lande
804 2738 947 2806 octoginta
