2082 3042
267 215 413 266 LIBER
438 213 503 265 vil.
533 216 711 268 cnP.1.a.
844 221 891 272 2'll

85 314 265 385 persequendi
272 331 410 368 natcnnaa
420 325 470 377 eit,
491 333 570 383 quarn
584 319 656 382 quael
664 320 808 372 utilitatem
819 329 893 376 tunm

89 382 214 436 muliebri
218 383 420 450 praeposuimus
428 384 548 452 gratiat.
584 385 627 434 tb.
645 384 698 437 Sex
711 387 792 439 milia
803 387 892 442 Mneu-

13 479 15 504 r
89 450 188 502 dunum
197 450 315 517 perlitum
326 459 354 502 et
362 449 522 518 DCequitet
532 451 649 512 addunt',·
660 469 771 518 quorum
777 472 843 522 pura
853 475 891 510 ee-

13 513 15 570 ἷ
89 527 188 569 cuturn
204 533 246 569 me
258 535 312 570 uon
326 526 395 581 mut,
414 518 438 568 si
451 517 574 570 militium
589 519 796 574 detrectantibus
808 523 891 576 indul

13 595 15 632 :
86 601 154 649 ¹stete
171 585 317 636 voluntem.
353 585 481 653 Sequitur
493 602 568 654 ergo,
588 595 628 647 ul,
649 585 713 654 quia
727 587 892 657 illapropter

78 653 160 703 banc
171 653 417 704 cnutnmirarcitur
431 653 516 716 nubis,
536 661 566 704 tu
582 653 689 722 mitiget
704 663 826 717 matrem,
848 659 893 724 qus*

86 719 409 772 iruerintnurobtulicti.
690 718 693 729 '

138 787 171 838 ΙΙ.
190 787 262 838 Dum
274 787 343 839 baec
352 790 485 853 Amyntas
496 788 567 854 agit,
578 785 653 838 forte
664 798 892 854 supervenerunt,

106 855 135 905 ui
142 853 259 906 tratrem
271 854 528 916 eiusPolemonem‚
539 855 574 905 de
586 869 640 920 quo
652 862 715 905 ante
726 856 829 908 dictum
842 865 895 921 est,

85 870 241 989 iugientem
262 921 408 973 consecuti
427 923 548 972 vinctum
567 922 745 973 reducebant.
787 923 895 976 intesta

86 991 188 1041 concio
208 991 255 1041 vix
269 988 389 1040 inhiberi
400 990 500 1055 potuit,
522 991 586 1056 quin
604 991 729 1054 protinus
744 1007 796 1042 suo
814 1007 892 1044 more
910 1005 912 1009 ·

85 1071 156 1107 saxa
174 1059 202 1106 in
223 1071 285 1106 eum
302 1058 416 1107 iaceret.
451 1059 475 1106 2.
493 1058 581 1123 Atque
595 1057 643 1107 ille
657 1073 724 1108 sane
739 1058 892 1123 interritus,

85 1122 172 1184 Nibil,
183 1125 210 1174 in
233 1126 282 1185 uit,
288 1139 342 1190 pro
350 1139 391 1173 me
401 1123 543 1188 deprecer&
554 1125 631 1174 inodo
641 1139 674 1175 ne
676 1123 803 1193 fratrum
813 1127 891 1178 irino-

85 1189 191 1242 centine
202 1139 280 1260 puga
299 1189 445 1257 imputetur
468 1208 534 1242 ntea.
569 1189 647 1244 Haec
667 1191 691 1243 ei
710 1193 820 1261 defendi
838 1211 893 1246 non

82 1266 182 1327 potest,
203 1274 288 1310 meum
308 1258 408 1310 crimen
422 1257 465 1309 iit.
500 1257 607 1310 Horum
621 1260 652 1310 ob
666 1259 788 1327 idipsum
799 1262 893 1314 melior

85 1335 226 1387 ettcuutn,
249 1327 388 1394 qundegu,
415 1327 593 1395 quiprofugr',
614 1323 749 1395 suspectui
762 1346 830 1382 sum.
865 1331 889 1382 3.

85 1395 165 1446 Haec
176 1396 288 1448 elocuto
300 1396 430 1446 universa
440 1397 538 1447 concio
550 1411 665 1447 assensa
673 1406 724 1447 est.
743 1399 888 1450 Lacrimae

85 1462 187 1513 deinde
203 1463 330 1514 omnibus
344 1477 455 1516 manare
470 1471 632 1529 coeperunt,
652 1464 724 1515 adeo
736 1467 763 1515 in
779 1474 888 1516 eontra-

82 1529 156 1580 rium
174 1536 288 1594 repente
302 1531 426 1590 mutatis,
445 1537 476 1580 ut
490 1531 580 1580 solum
595 1545 645 1596 pro
661 1545 696 1580 eo
712 1543 796 1592 esset,
816 1534 890 1648 quod

83 1598 204 1648 niaxime
216 1597 346 1646 laeserat.
374 1596 399 1644 4.
415 1596 525 1646 iuvenis
536 1604 596 1646 erat
608 1596 696 1662 primo
707 1601 807 1649 aetatis
841 1615 889 1649 ore

83 1664 251 1732 pubescens,
272 1677 352 1728 quem
372 1663 446 1713 inter
464 1664 573 1728 equites
593 1666 740 1714 tormentis
761 1664 890 1716 Philotae

84 1731 268 1782 conturbatos
294 1729 401 1780 alienus
425 1735 517 1780 terror
541 1730 702 1780 abstulerat.
739 1731 889 1782 Desertum

14 1829 16 1868 t
84 1815 147 1850 eum
160 1797 349 1858 utensitibus,
362 1804 391 1847 et
400 1795 583 1847 haesitantem
596 1797 668 1845 inter
678 1799 838 1848 revertendi
849 1798 890 1849 iu-

14 1869 16 1910 ?
83 1867 235 1936 giendique
247 1865 404 1927 consilium,
425 1865 470 1930 qui
482 1866 570 1914 secuti
583 1870 663 1914 erant
675 1873 888 1929 occupaverunt.

82 1937 107 1986 b.
122 1935 146 1984 ls
158 1943 215 1985 tuni
228 1933 295 1984 llere
307 1933 409 1999 coepit,
421 1939 449 1983 et
459 1948 490 1983 os
502 1948 580 1982 suum
592 1932 804 1992 connumerare,
815 1948 891 1984 nioc-

14 2013 15 2022 ’
83 2009 143 2053 stus
160 2018 215 2051 non
231 2017 308 2052 suam
325 2001 421 2061 vicem,
443 1999 492 2050 scd
509 2007 622 2067 propter
633 1999 721 2066 ipsum
733 2002 891 2066 periclitan-

14 2113 15 2120 ,
82 2071 152 2120 tium
172 2067 296 2120 fratrum.
333 2069 357 2119 b.
376 2069 559 2134 Moveratque
579 2068 747 2135 iani-regem
768 2084 889 2135 qunque,

14 2141 15 2198 J
82 2153 138 2189 non
150 2137 313 2187 concionem
325 2136 420 2186 modo:
434 2135 483 2185 sed
495 2153 564 2186 unus
575 2143 635 2186 erat
645 2136 890 2202 implacabilisfra·

14 2269 15 2272 Ἴ
82 2211 138 2263 ten
152 2207 198 2272 qui
209 2203 329 2255 terribili
340 2204 417 2253 vultu
427 2205 538 2253 intuens
550 2218 621 2264 euni,
630 2199 707 2264 Titui,
715 2205 763 2262 ait,
776 2203 889 2264 detinent,

14 2291 15 2342 ξ
81 2272 226 2324 lacrimare
236 2271 376 2331 debuerat,
389 2286 468 2337 quum
478 2285 544 2336 equo
556 2269 673 2321 calcaria
683 2269 818 2338 subderes,
824 2269 888 2337 sru-

82 2349 155 2391 trum
176 2341 294 2390 desertor
314 2347 341 2390 ct
359 2338 523 2388 deserturum
536 2353 629 2388 coines.
668 2335 760 2398 Miser,
783 2355 842 2404 pun,
863 2346 890 2390 et

82 2406 306 2474 undefugiebncl
324 2405 352 2458 E
378 2404 461 2465 scisti,
482 2414 513 2454 ut
524 2421 584 2454 reus
598 2404 702 2470 capitis,
724 2406 888 2470 accusatoris

82 2485 176 2527 uterer
186 2474 279 2526 verbis.
316 2476 340 2524 7.
366 2474 403 2525 lle
415 2487 597 2540 peccassem,
611 2472 660 2522 sed
672 2473 783 2540 gravius
794 2476 822 2525 in
834 2473 887 2524 lra-

81 2550 151 2604 tres,
163 2559 242 2610 quam
254 2544 281 2593 in
293 2543 486 2607 semetipsum,
498 2539 647 2590 fatebatur.
683 2542 752 2591 'l'uru
765 2557 830 2592 vero
842 2557 888 2590 ne-

82 2627 136 2678 que
148 2611 280 2672 lacrimis,
301 2625 390 2676 neque
402 2608 659 2669 acclamationibus,
680 2609 778 2675 quibus
796 2608 889 2658 studia

81 2695 133 2730 sua
145 2678 295 2732 nrultitudo
311 2679 468 2742 profitetur,
490 2683 722 2742 temperaverunt.
759 2676 819 2726 Una
834 2687 888 2726 vox

81 2755 142 2800 erat
155 2748 217 2814 pari
234 2747 337 2796 emissa
349 2760 496 2808 consensu,
516 2751 547 2796 ut
560 2743 716 2797 insontibus
729 2753 758 2796 et
767 2741 888 2796 fortibus
