2036 3030
132 216 167 267 26
319 212 454 262 tonan.
473 211 746 262 FRElNSHEMll

132 325 261 378 tueamur.
296 315 320 364 9.
341 313 382 364 Et
393 314 536 381 optandum
545 311 665 378 inprimit
676 320 753 372 erret,
770 319 801 360 ut
810 309 856 376 qai
865 327 938 362 rem-

128 382 262 452 publicam
272 381 435 448 ottigernnt‚
456 380 489 431 iit
505 395 586 430 unum
599 378 718 445 idemque
724 378 938 444 paleberrimnm

130 457 264 501 certamen
271 447 367 517 foret,
386 448 493 515 quinam
506 446 604 497 reatina
618 445 722 496 ciuitati
733 460 796 496 auae
815 447 936 496 comule-

131 525 198 577 rent,
216 513 935 580 antconsaltaexsequerenturtnemocommunionem·
1009 513 1010 524 ²

131 585 209 634 neoda
225 583 399 648 posthaberet
412 580 538 648 privatim
557 596 633 632 nemo
652 579 784 646 acciperet
804 595 936 640 munera‚·

131 667 205 701 nerno
216 651 328 701 istorum
338 650 454 715 exemplo
461 648 582 714 patriam
592 646 715 714 Pbilippo
722 647 857 724 propleret.
890 650 934 698 10.

137 717 241 781 Verum,
259 715 388 776 Tbebani‚
410 715 475 766 nulli
484 731 601 782 unquam
611 731 665 764 non
676 722 779 764 erortatt
788 715 874 776 modo,
886 715 937 766 tell
1010 749 1011 756 η

131 783 212 836 etiam
228 784 342 846 bomini,
368 783 477 851 integra
489 798 540 848 per
556 791 665 849 totaque
677 779 799 860 felicitae
819 780 936 848 obtigit.-
1010 766 1011 792 ³

132 853 294 904 beatissimae
305 851 427 912 babetur,
438 849 516 901 'euim
542 857 640 900 ortona
651 849 787 900 minumum
798 864 829 899 ex
839 849 934 900 adoer-

129 937 158 972 ro
169 920 262 971 trabit.
299 921 339 968 11.
359 916 445 968 Maleo
456 924 544 968 autem
555 917 629 968 nobit
645 917 712 968 ciret
722 931 787 977 eme,
803 915 936 966 nerroinem

125 987 217 1058 fugit.-
236 1001 323 1036 neone
334 984 437 1050 quidem
448 983 587 1045 caruistis,
609 983 774 1046 amaretis,
798 981 935 1033 Tbebani:

129 1070 192 1108 narn
202 1053 259 1104 eine
269 1069 300 1102 eo
311 1059 390 1111 emet,
410 1067 464 1102 non
473 1050 528 1101 iam
537 1050 652 1102 Elateae
661 1049 734 1101 Pbili
747 1066 798 1116 pur
813 1049 937 1101 libertati

129 1129 238 1172 nontrae
244 1120 342 1186 plagae
353 1118 484 1179 tenderet,
499 1117 546 1168 ted
557 1117 588 1168 de
600 1133 684 1185 regno
701 1066 874 1168 Mgeedoniae
885 1133 933 1169 no·

131 1188 229 1239 bieeum
239 1187 396 1237 decertaret.
434 1187 472 1236 lt.
484 1183 619 1236 Habemus
629 1191 718 1236 tamen
729 1193 756 1235 et
765 1184 845 1234 bonor
851 1202 863 1246 ,·
875 1200 933 1235 eoa·

149 1255 274 1332 ueplnret
285 1253 368 1314 rnatu,
380 1261 408 1303 et
411 1252 541 1319 potiores.
577 1251 772 1320 Argumentum
781 1252 888 1319 poncio?
901 1251 933 1302 li-

131 1272 187 1372 berr
199 1335 301 1371 tumui:
321 1336 376 1371 non
389 1319 516 1370 irruimus
528 1318 661 1385 Philippo,
677 1317 747 1371 sieut
759 1327 797 1379 tn,
815 1318 933 1386 Pptbon,

130 1387 280 1456 Byzantion
295 1395 354 1438 tuoe
367 1387 466 1438 reroire
479 1387 599 1450 aoluuti3
616 1395 644 1437 ta
658 1395 754 1448 antem,
770 1385 890 1447 Daoobe,
908 1397 935 1438 et
1012 1399 1013 1408 ³

130 1465 168 1516 tu,
184 1453 356 1518 Tbruoitloee‚
377 1452 515 1504 Tbmaloa
526 1453 585 1522 regi
592 1452 751 1505 vendidittr'o.
776 1455 828 1504 113.
851 1452 933 1505 Tbet·

129 1523 224 1573 taliam
234 1521 303 1572 enim
312 1522 437 1573 seruitute
452 1521 571 1588 Pbilippi
580 1520 668 1589 premi
676 1522 781 1582 albeta,
802 1521 931 1582 Tbebani,

131 1597 158 1640 et
166 1589 319 1658 nirifallor,
331 1588 408 1640 iuxta
418 1588 554 1640 nobiseum
564 1587 749 1657 ingeneireitr't:
763 1587 932 1668 limantium,

131 1664 260 1776 guantum
269 1656 298 1707 in
310 1655 502 1725 Pytbonefnit,
517 1656 585 1707 ideae
595 1656 847 1718 manebatemtrum,
865 1657 936 1723 quod
1013 1695 1014 1702 ,

158 1723 263 1792 lyntbue
273 1739 399 1802 perperna
416 1734 468 1776 eit:
487 1741 534 1775 noo
555 1724 730 1775 liberavimus.
767 1726 807 1774 14.
832 1723 933 1790 Quippe

132 1791 264 1843 Graecum
275 1791 417 1855 ciuitatem,
429 1809 508 1860 qaum
522 1791 635 1844 rnanime
645 1792 745 1842 noriam
755 1790 933 1858 atquefoecle·

130 1869 232 1922 ratam,
250 1859 293 1910 ille
307 1859 446 1926 religiosus
460 1868 540 1926 atque
553 1858 708 1910 venerabilii
721 1868 837 1910 aetertor
849 1858 932 1908 Grae-

131 1927 188 1978 ciae
197 1943 246 1977 nee
256 1926 409 1992 opinantem
420 1927 567 1993 opprimere
578 1939 721 1992 aggressus
724 1925 830 1995 fuerat.
857 1923 933 1975 Haec

131 2003 171 2045 ert
179 1993 305 2044 nimirum
314 1995 458 2058 praeclara
471 1993 552 2059 meino
563 1991 716 2058 prudentia.
755 1992 933 2044 Calliditatem

126 2077 179 2128 pro
192 2059 302 2128 ingenio
321 2059 413 2110 babet:
435 2059 585 2125 periurium
604 2066 689 2110 artem
703 2069 798 2125 putat:
816 2059 934 2128 perfidia

132 2139 260 2194 tanquam
273 2126 371 2178 virtute
386 2125 480 2176 utitur.
518 2127 557 2177 15.
581 2125 637 2178 Aut
653 2126 727 2178 dieat
740 2127 860 2194 denique,
882 2143 933 2194 qno

129 2195 184 2246 alio
194 2204 277 2261 paeto
306 2192 486 2245 ormiiabilem
500 2193 573 2246 illurn
579 2196 730 2261 potentiam
745 2195 936 2255 nantonensi

132 2261 251 2312 Graecos
285 2261 420 2326 raudibue,
434 2259 543 2324 insidiis,
563 2262 716 2328 proditione
734 2279 786 2313 non
807 2261 893 2341 eepit;
912 2260 936 2310 oi

133 2327 261 2380 barbarea
276 2327 356 2380 etiam
366 2344 419 2378 non
430 2344 496 2378 auro
507 2329 606 2398 magio,
618 2327 794 2398 quamferro‚
809 2329 893 2390 moit;
912 2328 936 2376 oi

129 2394 243 2464 denique
262 2394 385 2462 cuiquam
400 2395 552 2447 mortalium
565 2397 703 2466 autfidem
723 2399 787 2448 clare
803 2403 935 2464 gravatus

130 2471 178 2524 eit,
198 2471 247 2514 aut
260 2463 350 2513 datum
358 2461 459 2530 fallere
474 2479 528 2514 non
541 2463 675 2517 euonnuit.
712 2463 774 2514 litio
790 2473 879 2514 tamen
893 2462 934 2512 ille

132 2530 263 2582 Graeciae
281 2528 388 2592 uindex,
409 2547 457 2581 nos
471 2532 674 2597 perturbatores
692 2533 795 2582 tumuit
826 2531 865 2582 lb.
884 2529 936 2580 Sed

131 2596 196 2664 qaid
204 2597 268 2648 istor
275 2596 387 2662 pudeat,
409 2597 455 2663 qui
466 2614 515 2648 aaa
528 2597 642 2649 erimina
651 2597 727 2648 nobie
739 2597 871 2650 obiectare
881 2613 934 2648 ma-

130 2665 201 2726 lunt,
220 2678 299 2742 punm
309 2679 363 2714 non
376 2665 518 2716 admonere
526 2681 571 2715 ooo
582 2680 686 2724 eornm,
698 2681 810 2731 qnorum
819 2665 871 2732 ipsi
880 2680 934 2714 rna-

130 2731 311 2800 rnfeotreunt?
329 2731 360 2782 Si
374 2731 431 2799 quir
445 2739 584 2799 captorum
598 2747 736 2783 munerum
745 2741 794 2782 aut
803 2730 933 2799 proditio·
