2054 3030
169 165 202 214 80
349 159 486 213 lOANN.
505 156 780 212 FREINSHEMII

170 276 290 330 quoque,
302 275 382 328 quum
396 261 487 324 Asiam
503 265 690 328 perpacasset,
702 261 815 325 scripsit
830 257 983 325 Ephesiis,

171 345 200 380 se
213 343 307 378 omnes
320 333 439 389 sumtus,
461 331 505 395 qui
523 330 551 379 in
567 328 596 377 id
614 326 770 376 aedilicium
785 324 854 376 lacti
867 336 981 388 essent,

170 397 374 459 restituturum
393 394 493 461 quique
504 409 587 461 porro
599 393 815 458 requirerentur,
831 393 983 458 praebitu-

170 477 230 512 rum
241 462 274 512 de
290 477 352 512 suo:
371 463 411 513 ita
423 468 528 522 tamen,
549 468 579 511 ut
596 460 684 526 ipsius
698 475 799 510 nomen
813 459 982 510 instaurato

171 530 249 596 operi
259 530 465 580 inscriberetur.
501 528 543 578 34.
561 528 647 594 quue
658 526 800 593 deprecati
811 526 982 592 suntEphe-

171 599 215 647 sii.
235 597 295 658 Quo
306 604 441 663 tempore,
454 597 518 662 quia
526 595 682 646 Alexandro
694 594 799 661 petenti
810 593 920 660 aliquid
933 595 981 644 de-

170 679 274 732 negare
288 665 402 716 arduum
418 670 489 722 erat,
510 663 619 730 legatus
631 677 726 712 eorum
738 661 772 712 ad
783 660 981 712 adulationem
1010 685 1011 732 3

171 731 305 799 confugit,
319 747 372 799 qua
381 733 500 782 maxime
511 730 724 796 expugnabilem
736 734 826 789 norat,
836 729 979 794 dixitque,
1010 739 1011 766 ³

171 799 332 861 „dedecere
350 799 458 849 culmen
472 799 574 863 ipsius,
594 798 619 847 si
637 797 692 847 diis
707 795 812 862 aliquid
827 810 980 846 cousecra-

169 873 222 928 ret,
242 883 325 934 quum
335 867 395 932 ipse
407 867 475 917 deus
486 872 572 916 esset:
589 880 650 915 nam
662 878 724 914 eum
735 862 868 913 honorem
880 863 917 912 ab
930 861 980 912 lro-

169 934 289 984 miuibus
307 931 404 983 haberi
425 932 531 998 potiori
551 934 698 982 naturae.“
741 930 783 982 35.
802 930 844 980 Ea
864 931 978 996 gloriae

171 1001 314 1052 contentio
325 1001 398 1051 inter
414 1001 561 1049 maximum
578 1013 673 1066 regem
694 1003 723 1049 et
735 1012 816 1048 unam
831 997 977 1048 civitatem

169 1067 231 1118 fuit.
272 1066 458 1118 Obtinuerunt'
480 1065 607 1132 Ephesii3
632 1073 660 1116 et
683 1065 839 1116 maluerunt
865 1065 975 1132 ingenti

169 1135 287 1202 pecunia
302 1148 411 1195 carere,
433 1148 513 1200 quam
531 1133 678 1183 instaurati
694 1132 790 1198 templi
807 1132 891 1183 titulo
912 1134 976 1199 regi

170 1202 279 1252 cedere.
317 1199 358 1251 36.
377 1199 446 1252 Nam
461 1206 578 1266 quantos
593 1200 621 1248 in
633 1201 661 1250 id
672 1215 741 1266 opus
755 1206 861 1250 sumtus
877 1207 976 1250 contu-

168 1267 265 1329 lerint,
284 1267 378 1318 velex
393 1283 447 1318 una
461 1266 556 1317 tabula
573 1267 721 1318 aestimare
739 1267 818 1328 licet,
839 1282 920 1333 quam
935 1267 975 1316 ibi

169 1334 380 1396 dedicaverunt,
400 1334 499 1401 viginti
514 1333 627 1384 talentis
641 1335 700 1384 auri
714 1335 875 1385 redemtam.
911 1335 977 1384 Ale·

169 1401 274 1452 xander
284 1408 353 1464 erat,
372 1401 477 1452 fulmen
488 1408 595 1463 tenens,
616 1400 865 1468 queminimitabili
878 1401 975 1451 dexte-

166 1469 252 1518 ritate
265 1468 376 1534 apelles
396 1474 586 1534 expresserat,
608 1476 726 1535 quatuor
744 1475 850 1519 tantum
871 1467 975 1518 colori-

167 1535 218 1586 bus
230 1551 306 1598 usus,
318 1551 373 1603 quo
383 1537 471 1587 maius
483 1537 581 1603 peritis
590 1537 752 1587 miraculum
764 1541 848 1586 esset.

217 1601 276 1652 Vll.
307 1601 363 1655 Sub
374 1604 448 1654 idem
458 1610 566 1672 tempus
577 1604 684 1670 antiqui
698 1619 710 1654 a
730 1601 855 1654 lendoris
873 1602 973 1653 'sedern

168 1666 314 1736 Smyrnaei
337 1679 521 1738 receperunt,
547 1677 694 1739 postquam
743 1670 862 1737 ydorum
887 1671 973 1720 armis

167 1737 263 1787 excisa
273 1744 368 1789 vetere
383 1738 514 1806 Smyrna,
535 1739 753 1807 quadringentos
768 1751 818 1804 par
831 1751 919 1787 annos
936 1739 973 1786 ri-

167 1805 250 1856 catim
262 1803 471 1858 habitavissent.
493 1807 640 1858 'Restituit
655 1819 714 1856 earn
729 1819 779 1854 rex
799 1804 898 1872 viginti
918 1803 972 1854 fer-

165 1887 210 1922 me
226 1872 325 1924 stadiis
339 1889 355 1938 a
370 1874 432 1925 solo
450 1877 579 1940 antiquae
599 1873 688 1934 urbis,
711 1871 819 1922 somnio
840 1872 971 1922 monitus.

166 1941 191 1989 2.
211 1939 335 1994 Solebat,
346 1941 520 2001 Alexander,
542 1956 624 2006 quum
642 1955 659 1989 a
677 1938 829 1990 maioribus
848 1939 972 2006 negotiis

166 2013 294 2069 vacaret,
318 2008 404 2058 otium
424 2007 550 2058 venando
571 2007 702 2057 eximere.
742 2005 827 2056 Forte
848 2006 972 2056 exercito

169 2088 287 2140 corpore
299 2073 390 2124 lessus
400 2075 428 2124 in
438 2074 517 2140 Pago
528 2080 622 2124 monte
633 2073 853 2124 obdormiverat:
873 2073 912 2122 ibi
923 2089 974 2140 per

169 2143 290 2208 quietem
300 2143 375 2191 visus
392 2147 435 2191 est
447 2141 543 2191 audire
557 2139 701 2204 Nemeses,
721 2142 849 2206 (quarum
867 2141 895 2190 in
910 2154 974 2204 pro-

168 2209 243 2261 ximo
254 2208 348 2260 fanum
361 2211 442 2272 erat)
453 2209 631 2274 imperantes,
642 2214 674 2260 ut
683 2222 717 2260 co
728 2209 789 2274 ipsc
801 2207 866 2258 loco
878 2207 974 2257 urbem

169 2276 316 2339 conderet,
336 2276 421 2342 inqua
437 2291 498 2326 earn
518 2276 687 2342 Smyrnaeus
702 2275 862 2326 deduceret.
899 2274 924 2324 3.
945 2275 975 2324 ld
1008 2321 1009 2324 ,

168 2341 334 2394 insomnium
345 2358 410 2393 mox
420 2343 506 2395 Clarii
519 2343 654 2410 Apollinis
669 2342 810 2394 oraculum
828 2341 976 2392 confirma-

169 2407 217 2468 rit,
232 2407 392 2476 Smyrnaeis
403 2409 613 2462 consulentibus
628 2424 761 2478 prospere
773 2423 915 2460 cessuram
925 2412 977 2460 mi·

170 2475 325 2541 grationem
335 2479 510 2544 promittens.
546 2477 587 2529 lta
601 2477 780 2528 fundamenta
793 2490 882 2526 novae
896 2476 978 2528 urbis

169 2543 285 2610 imperio
296 2547 371 2612 regis
386 2548 462 2598 iacta
475 2549 551 2609 sunt3
571 2544 715 2596 absolutae
732 2543 850 2610 gloriam
859 2543 978 2623 Antigo-

170 2626 220 2660 nus
234 2610 310 2673 tulit,
321 2628 403 2680 quum
416 2613 505 2680 ipsum
516 2612 609 2679 paullo
621 2617 685 2677 post
698 2609 855 2662 Alexander
863 2609 977 2676 Lydiae

171 2675 380 2746 Phrygiaeque,
401 2687 430 2731 et
442 2678 540 2730 vicinis
558 2677 732 2746 regionibus,
751 2677 977 2745 praeposuisset.
