<?xml version="1.0" encoding="UTF-8"?>
<!DOCTYPE html PUBLIC "-//W3C//DTD XHTML 1.0 Transitional//EN"
    "http://www.w3.org/TR/xhtml1/DTD/xhtml1-transitional.dtd">
<html xmlns="http://www.w3.org/1999/xhtml" xml:lang="en" lang="en">
 <head>
  <title>
</title>
<meta http-equiv="Content-Type" content="text/html;charset=utf-8" />
  <meta name='ocr-system' content='tesseract 3.04.00' />
  <meta name='ocr-capabilities' content='ocr_page ocr_carea ocr_par ocr_line ocrx_word'/>
</head>
<body>
  <div class='ocr_page' id='page_1' title='image "./qcurtiirufidere00johagoog_0034.png"; bbox 0 0 2036 3030; ppageno 0'>
   <div class='ocr_carea' id='block_1_1' title="bbox 96 213 709 266">
    <p class='ocr_par' dir='ltr' id='par_1_1' title="bbox 96 213 709 266">
     <span class='ocr_line' id='line_1_1' title="bbox 96 213 709 266; baseline -0.007 0"><span class='ocrx_word' id='word_1_1' title='bbox 96 219 128 266; x_wconf 82' lang='lat'><strong><em>22</em></strong></span> <span class='ocrx_word' id='word_1_2' title='bbox 281 214 413 264; x_wconf 79' lang='lat' dir='ltr'><strong><em>IOANN.</em></strong></span> <span class='ocrx_word' id='word_1_3' title='bbox 434 213 709 266; x_wconf 78' lang='lat' dir='ltr'>FREINSHEMH</span> 
     </span>
    </p>
   </div>
   <div class='ocr_carea' id='block_1_2' title="bbox 92 314 904 2804">
    <p class='ocr_par' dir='ltr' id='par_1_2' title="bbox 92 314 904 2804">
     <span class='ocr_line' id='line_1_2' title="bbox 98 314 897 384; baseline -0.003 -18"><span class='ocrx_word' id='word_1_4' title='bbox 98 315 239 384; x_wconf 80' lang='lat' dir='ltr'><strong><em>tatifama</em></strong></span> <span class='ocrx_word' id='word_1_5' title='bbox 251 331 329 382; x_wconf 79' lang='lat' dir='ltr'><strong><em>quam</em></strong></span> <span class='ocrx_word' id='word_1_6' title='bbox 339 314 439 366; x_wconf 87' lang='lat' dir='ltr'><strong><em>oiribus</em></strong></span> <span class='ocrx_word' id='word_1_7' title='bbox 448 315 574 366; x_wconf 78' lang='lat' dir='ltr'><strong><em>validiori</em></strong></span> <span class='ocrx_word' id='word_1_8' title='bbox 583 314 838 380; x_wconf 81' lang='lat' dir='ltr'><strong><em>naupraeponeretl</em></strong></span> <span class='ocrx_word' id='word_1_9' title='bbox 872 316 897 364; x_wconf 83' lang='lat'><strong><em>2.</em></strong></span> 
     </span>
     <span class='ocr_line' id='line_1_3' title="bbox 97 380 898 449; baseline -0.004 -15"><span class='ocrx_word' id='word_1_10' title='bbox 97 383 176 434; x_wconf 87' lang='lat' dir='ltr'><strong><em>Nunc</em></strong></span> <span class='ocrx_word' id='word_1_11' title='bbox 187 390 288 444; x_wconf 89' lang='lat' dir='ltr'><strong><em>autem,</em></strong></span> <span class='ocrx_word' id='word_1_12' title='bbox 304 383 450 449; x_wconf 74' lang='lat' dir='ltr'><strong><em>quantillo,</em></strong></span> <span class='ocrx_word' id='word_1_13' title='bbox 468 383 515 449; x_wconf 77' lang='lat' dir='ltr'><strong><em>osai</em></strong></span> <span class='ocrx_word' id='word_1_14' title='bbox 524 381 675 432; x_wconf 83' lang='lat' dir='ltr'><strong><em>victricibus</em></strong></span> <span class='ocrx_word' id='word_1_15' title='bbox 685 380 767 447; x_wconf 87' lang='lat' dir='ltr'><strong><em>copiis</em></strong></span> <span class='ocrx_word' id='word_1_16' title='bbox 777 382 848 432; x_wconf 83' lang='lat' dir='ltr'><strong><em>uelut</em></strong></span> <span class='ocrx_word' id='word_1_17' title='bbox 857 397 898 431; x_wconf 87' lang='lat' dir='ltr'><strong><em>oe-</em></strong></span> 
     </span>
     <span class='ocr_line' id='line_1_4' title="bbox 97 448 897 515; baseline -0.004 -14"><span class='ocrx_word' id='word_1_18' title='bbox 97 451 221 502; x_wconf 89' lang='lat' dir='ltr'><strong><em>stibulum</em></strong></span> <span class='ocrx_word' id='word_1_19' title='bbox 232 449 303 500; x_wconf 89' lang='lat' dir='ltr'><strong><em>urbis</em></strong></span> <span class='ocrx_word' id='word_1_20' title='bbox 313 457 415 500; x_wconf 88' lang='lat' dir='ltr'><strong><em>nestrae</em></strong></span> <span class='ocrx_word' id='word_1_21' title='bbox 430 450 542 511; x_wconf 87' lang='lat' dir='ltr'><strong><em>obtinet,</em></strong></span> <span class='ocrx_word' id='word_1_22' title='bbox 557 448 629 499; x_wconf 84' lang='lat' dir='ltr'><strong><em>socio</em></strong></span> <span class='ocrx_word' id='word_1_23' title='bbox 646 457 726 515; x_wconf 82' lang='lat' dir='ltr'><strong><em>atque</em></strong></span> <span class='ocrx_word' id='word_1_24' title='bbox 742 448 827 499; x_wconf 85' lang='lat' dir='ltr'><strong><em>amiso</em></strong></span> <span class='ocrx_word' id='word_1_25' title='bbox 839 457 897 498; x_wconf 82' lang='lat' dir='ltr'><strong><em>sata-</em></strong></span> 
     </span>
     <span class='ocr_line' id='line_1_5' title="bbox 98 515 897 582; baseline -0.001 -15"><span class='ocrx_word' id='word_1_26' title='bbox 98 518 164 568; x_wconf 87' lang='lat' dir='ltr'><strong><em>mini</em></strong></span> <span class='ocrx_word' id='word_1_27' title='bbox 168 535 175 582; x_wconf 82' lang='lat'>3</span> <span class='ocrx_word' id='word_1_28' title='bbox 190 517 222 568; x_wconf 91' lang='lat' dir='ltr'><strong><em>ab</em></strong></span> <span class='ocrx_word' id='word_1_29' title='bbox 234 517 437 568; x_wconf 72' lang='lat' dir='ltr'><strong><em>Atheniensibus</em></strong></span> <span class='ocrx_word' id='word_1_30' title='bbox 447 517 534 568; x_wconf 90' lang='lat' dir='ltr'><strong><em>multis</em></strong></span> <span class='ocrx_word' id='word_1_31' title='bbox 544 515 674 567; x_wconf 81' lang='lat' dir='ltr'><strong><em>ueteribus</em></strong></span> <span class='ocrx_word' id='word_1_32' title='bbox 684 523 763 582; x_wconf 83' lang='lat' dir='ltr'><strong><em>atque</em></strong></span> <span class='ocrx_word' id='word_1_33' title='bbox 772 515 846 566; x_wconf 70' lang='lat' dir='ltr'><strong><em>naon</em></strong></span> <span class='ocrx_word' id='word_1_34' title='bbox 857 515 897 566; x_wconf 87' lang='lat' dir='ltr'><strong><em>in·</em></strong></span> 
     </span>
     <span class='ocr_line' id='line_1_6' title="bbox 97 583 898 652; baseline -0.002 -18"><span class='ocrx_word' id='word_1_35' title='bbox 97 584 174 635; x_wconf 87' lang='lat' dir='ltr'><strong><em>iuriis</em></strong></span> <span class='ocrx_word' id='word_1_36' title='bbox 185 583 281 652; x_wconf 83' lang='lat' dir='ltr'><strong><em>affecti</em></strong></span> <span class='ocrx_word' id='word_1_37' title='bbox 288 584 356 636; x_wconf 90' lang='lat' dir='ltr'><strong><em>sitis:</em></strong></span> <span class='ocrx_word' id='word_1_38' title='bbox 369 585 464 636; x_wconf 90' lang='lat' dir='ltr'><strong><em>borum</em></strong></span> <span class='ocrx_word' id='word_1_39' title='bbox 474 583 628 645; x_wconf 80' lang='lat' dir='ltr'><strong><em>amicitiam,</em></strong></span> <span class='ocrx_word' id='word_1_40' title='bbox 640 585 758 648; x_wconf 80' lang='lat' dir='ltr'><strong><em>neglecto</em></strong></span> <span class='ocrx_word' id='word_1_41' title='bbox 771 597 842 652; x_wconf 83' lang='lat' dir='ltr'><strong><em>rege,</em></strong></span> <span class='ocrx_word' id='word_1_42' title='bbox 854 598 898 633; x_wconf 87' lang='lat' dir='ltr'><strong><em>oo·</em></strong></span> 
     </span>
     <span class='ocr_line' id='line_1_7' title="bbox 99 647 902 722; baseline -0.004 -19"><span class='ocrx_word' id='word_1_43' title='bbox 99 652 263 713; x_wconf 72' lang='lat' dir='ltr'><strong><em>bucuniano,</em></strong></span> <span class='ocrx_word' id='word_1_44' title='bbox 272 652 397 722; x_wconf 83' lang='lat' dir='ltr'><strong><em>prosecta</em></strong></span> <span class='ocrx_word' id='word_1_45' title='bbox 409 651 567 703; x_wconf 88' lang='lat' dir='ltr'><strong><em>contumelia</em></strong></span> <span class='ocrx_word' id='word_1_46' title='bbox 577 660 624 713; x_wconf 84' lang='lat' dir='ltr'><strong><em>est,</em></strong></span> <span class='ocrx_word' id='word_1_47' title='bbox 639 647 768 701; x_wconf 80' lang='lat' dir='ltr'><strong><em>Tbebani.</em></strong></span> <span class='ocrx_word' id='word_1_48' title='bbox 805 651 828 700; x_wconf 83' lang='grc'><strong><em>3.</em></strong></span> <span class='ocrx_word' id='word_1_49' title='bbox 848 650 902 700; x_wconf 78' lang='lat' dir='ltr'><strong><em>Sea</em></strong></span> 
     </span>
     <span class='ocr_line' id='line_1_8' title="bbox 98 716 900 786; baseline -0.005 -16"><span class='ocrx_word' id='word_1_50' title='bbox 98 719 277 786; x_wconf 74' lang='lat' dir='ltr'><strong><em>superbissimi</em></strong></span> <span class='ocrx_word' id='word_1_51' title='bbox 295 719 447 770; x_wconf 75' lang='lat' dir='ltr'><strong><em>mortalium</em></strong></span> <span class='ocrx_word' id='word_1_52' title='bbox 459 719 513 772; x_wconf 84' lang='lat' dir='ltr'><strong><em>sibi</em></strong></span> <span class='ocrx_word' id='word_1_53' title='bbox 525 719 586 771; x_wconf 88' lang='lat' dir='ltr'><strong><em>solis</em></strong></span> <span class='ocrx_word' id='word_1_54' title='bbox 599 717 736 786; x_wconf 80' lang='lat' dir='ltr'><strong><em>ingenium</em></strong></span> <span class='ocrx_word' id='word_1_55' title='bbox 751 716 900 770; x_wconf 88' lang='lat' dir='ltr'><strong><em>consiliam-</em></strong></span> 
     </span>
     <span class='ocr_line' id='line_1_9' title="bbox 99 783 898 856; baseline -0.005 -19"><span class='ocrx_word' id='word_1_56' title='bbox 99 804 149 854; x_wconf 82' lang='lat' dir='ltr'><strong><em>que</em></strong></span> <span class='ocrx_word' id='word_1_57' title='bbox 157 803 289 856; x_wconf 75' lang='lat' dir='ltr'><strong><em>superesse</em></strong></span> <span class='ocrx_word' id='word_1_58' title='bbox 299 796 458 848; x_wconf 87' lang='lat' dir='ltr'><strong><em>autumant;</em></strong></span> <span class='ocrx_word' id='word_1_59' title='bbox 472 788 596 855; x_wconf 80' lang='lat' dir='ltr'><strong><em>reliquos,</em></strong></span> <span class='ocrx_word' id='word_1_60' title='bbox 607 795 635 837; x_wconf 90' lang='lat' dir='ltr'><strong><em>et</em></strong></span> <span class='ocrx_word' id='word_1_61' title='bbox 641 784 763 851; x_wconf 86' lang='lat' dir='ltr'><strong><em>inprimis</em></strong></span> <span class='ocrx_word' id='word_1_62' title='bbox 772 783 898 844; x_wconf 87' lang='lat' dir='ltr'><strong><em>Boeotos,</em></strong></span> 
     </span>
     <span class='ocr_line' id='line_1_10' title="bbox 100 853 899 920; baseline -0.003 -16"><span class='ocrx_word' id='word_1_63' title='bbox 100 855 183 919; x_wconf 90' lang='lat' dir='ltr'><strong><em>(oobis</em></strong></span> <span class='ocrx_word' id='word_1_64' title='bbox 194 855 262 906; x_wconf 91' lang='lat' dir='ltr'><strong><em>enim</em></strong></span> <span class='ocrx_word' id='word_1_65' title='bbox 270 871 338 920; x_wconf 89' lang='lat' dir='ltr'><strong><em>prae</em></strong></span> <span class='ocrx_word' id='word_1_66' title='bbox 348 855 441 906; x_wconf 87' lang='lat' dir='ltr'><strong><em>ceteris</em></strong></span> <span class='ocrx_word' id='word_1_67' title='bbox 450 856 591 918; x_wconf 89' lang='lat' dir='ltr'><strong><em>insultant)</em></strong></span> <span class='ocrx_word' id='word_1_68' title='bbox 601 853 704 920; x_wconf 86' lang='lat' dir='ltr'><strong><em>ineptas</em></strong></span> <span class='ocrx_word' id='word_1_69' title='bbox 714 861 742 904; x_wconf 84' lang='lat' dir='ltr'><strong><em>et</em></strong></span> <span class='ocrx_word' id='word_1_70' title='bbox 749 853 826 904; x_wconf 86' lang='lat' dir='ltr'><strong><em>rudes</em></strong></span> <span class='ocrx_word' id='word_1_71' title='bbox 836 869 899 912; x_wconf 81' lang='lat' dir='ltr'><strong><em>esse,</em></strong></span> 
     </span>
     <span class='ocr_line' id='line_1_11' title="bbox 98 921 899 1000; baseline -0.004 -28"><span class='ocrx_word' id='word_1_72' title='bbox 98 939 146 974; x_wconf 87' lang='lat' dir='ltr'><strong><em>nec</em></strong></span> <span class='ocrx_word' id='word_1_73' title='bbox 156 921 309 990; x_wconf 83' lang='lat' dir='ltr'><strong><em>quaeutilia</em></strong></span> <span class='ocrx_word' id='word_1_74' title='bbox 319 921 481 989; x_wconf 82' lang='lat' dir='ltr'><strong><em>bonestaque</em></strong></span> <span class='ocrx_word' id='word_1_75' title='bbox 488 922 573 991; x_wconf 84' lang='lat' dir='ltr'><strong><em>sactu</em></strong></span> <span class='ocrx_word' id='word_1_76' title='bbox 587 921 653 983; x_wconf 85' lang='lat' dir='ltr'><strong><em>sint,</em></strong></span> <span class='ocrx_word' id='word_1_77' title='bbox 675 921 838 1000; x_wconf 68' lang='lat' dir='ltr'><strong><em>dignoscere.</em></strong></span> <span class='ocrx_word' id='word_1_78' title='bbox 875 921 899 968; x_wconf 73' lang='lat' dir='ltr'><strong><em>b.</em></strong></span> 
     </span>
     <span class='ocr_line' id='line_1_12' title="bbox 98 987 900 1057; baseline -0.004 -17"><span class='ocrx_word' id='word_1_79' title='bbox 98 989 205 1057; x_wconf 84' lang='lat' dir='ltr'><strong><em>Itaque,</em></strong></span> <span class='ocrx_word' id='word_1_80' title='bbox 222 1006 272 1056; x_wconf 82' lang='lat' dir='ltr'><strong><em>quo</em></strong></span> <span class='ocrx_word' id='word_1_81' title='bbox 283 987 352 1038; x_wconf 89' lang='lat' dir='ltr'><strong><em>nibil</em></strong></span> <span class='ocrx_word' id='word_1_82' title='bbox 360 997 400 1039; x_wconf 88' lang='lat' dir='ltr'><strong><em>est</em></strong></span> <span class='ocrx_word' id='word_1_83' title='bbox 410 989 562 1050; x_wconf 85' lang='lat' dir='ltr'><strong><em>dementius,</em></strong></span> <span class='ocrx_word' id='word_1_84' title='bbox 573 988 603 1038; x_wconf 89' lang='lat' dir='ltr'><strong><em>id</em></strong></span> <span class='ocrx_word' id='word_1_85' title='bbox 610 1005 637 1039; x_wconf 89' lang='lat' dir='ltr'><strong><em>se</em></strong></span> <span class='ocrx_word' id='word_1_86' title='bbox 646 987 719 1039; x_wconf 73' lang='lat' dir='ltr'><strong><em>nobis</em></strong></span> <span class='ocrx_word' id='word_1_87' title='bbox 725 1002 900 1055; x_wconf 77' lang='lat' dir='ltr'><strong><em>persuasurus</em></strong></span> 
     </span>
     <span class='ocr_line' id='line_1_13' title="bbox 94 1053 902 1124; baseline -0.006 -16"><span class='ocrx_word' id='word_1_88' title='bbox 94 1065 207 1124; x_wconf 84' lang='lat' dir='ltr'><strong><em>putant,</em></strong></span> <span class='ocrx_word' id='word_1_89' title='bbox 229 1064 260 1105; x_wconf 84' lang='lat' dir='ltr'><strong><em>ut</em></strong></span> <span class='ocrx_word' id='word_1_90' title='bbox 272 1071 303 1106; x_wconf 86' lang='lat' dir='ltr'><strong><em>ex</em></strong></span> <span class='ocrx_word' id='word_1_91' title='bbox 317 1055 435 1120; x_wconf 89' lang='lat' dir='ltr'><strong><em>ipsorum</em></strong></span> <span class='ocrx_word' id='word_1_92' title='bbox 445 1056 537 1122; x_wconf 87' lang='lat' dir='ltr'><strong><em>potius</em></strong></span> <span class='ocrx_word' id='word_1_93' title='bbox 551 1055 674 1116; x_wconf 82' lang='lat' dir='ltr'><strong><em>arbitrio,</em></strong></span> <span class='ocrx_word' id='word_1_94' title='bbox 690 1070 770 1122; x_wconf 82' lang='lat' dir='ltr'><strong><em>quam</em></strong></span> <span class='ocrx_word' id='word_1_95' title='bbox 785 1053 902 1106; x_wconf 83' lang='lat' dir='ltr'><strong><em>utilitate</em></strong></span> 
     </span>
     <span class='ocr_line' id='line_1_14' title="bbox 98 1119 902 1190; baseline -0.002 -16"><span class='ocrx_word' id='word_1_96' title='bbox 98 1132 196 1185; x_wconf 82' lang='lat' dir='ltr'><strong><em>nestra,</em></strong></span> <span class='ocrx_word' id='word_1_97' title='bbox 207 1122 295 1173; x_wconf 83' lang='lat' dir='ltr'><strong><em>bostes</em></strong></span> <span class='ocrx_word' id='word_1_98' title='bbox 306 1131 385 1188; x_wconf 82' lang='lat' dir='ltr'><strong><em>atque</em></strong></span> <span class='ocrx_word' id='word_1_99' title='bbox 395 1123 494 1173; x_wconf 88' lang='lat' dir='ltr'><strong><em>amicos</em></strong></span> <span class='ocrx_word' id='word_1_100' title='bbox 505 1123 625 1174; x_wconf 89' lang='lat' dir='ltr'><strong><em>babeatis</em></strong></span> <span class='ocrx_word' id='word_1_101' title='bbox 632 1139 645 1184; x_wconf 90' lang='lat'><strong><em>,·</em></strong></span> <span class='ocrx_word' id='word_1_102' title='bbox 657 1121 744 1173; x_wconf 83' lang='lat' dir='ltr'><strong><em>uerbis</em></strong></span> <span class='ocrx_word' id='word_1_103' title='bbox 754 1119 858 1190; x_wconf 81' lang='lat' dir='ltr'><strong><em>confisi,</em></strong></span> <span class='ocrx_word' id='word_1_104' title='bbox 873 1121 902 1172; x_wconf 89' lang='lat' dir='ltr'><strong><em>in</em></strong></span> 
     </span>
     <span class='ocr_line' id='line_1_15' title="bbox 100 1188 901 1258; baseline -0.002 -18"><span class='ocrx_word' id='word_1_105' title='bbox 100 1190 192 1258; x_wconf 79' lang='lat' dir='ltr'><strong><em>quibus</em></strong></span> <span class='ocrx_word' id='word_1_106' title='bbox 203 1188 286 1240; x_wconf 90' lang='lat' dir='ltr'><strong><em>omnis</em></strong></span> <span class='ocrx_word' id='word_1_107' title='bbox 301 1189 420 1257; x_wconf 85' lang='lat' dir='ltr'><strong><em>ipsorum</em></strong></span> <span class='ocrx_word' id='word_1_108' title='bbox 434 1189 472 1240; x_wconf 84' lang='lat' dir='ltr'><strong><em>nis</em></strong></span> <span class='ocrx_word' id='word_1_109' title='bbox 487 1200 533 1240; x_wconf 89' lang='lat' dir='ltr'><strong><em>est.</em></strong></span> <span class='ocrx_word' id='word_1_110' title='bbox 570 1191 593 1240; x_wconf 80' lang='lat'><strong><em>5.</em></strong></span> <span class='ocrx_word' id='word_1_111' title='bbox 612 1189 665 1241; x_wconf 79' lang='lat' dir='ltr'><strong><em>Sed</em></strong></span> <span class='ocrx_word' id='word_1_112' title='bbox 679 1189 759 1239; x_wconf 85' lang='lat' dir='ltr'><strong><em>rerba</em></strong></span> <span class='ocrx_word' id='word_1_113' title='bbox 774 1205 849 1240; x_wconf 90' lang='lat' dir='ltr'><strong><em>nemo</em></strong></span> <span class='ocrx_word' id='word_1_114' title='bbox 859 1205 901 1239; x_wconf 91' lang='lat' dir='ltr'><strong><em>sa·</em></strong></span> 
     </span>
     <span class='ocr_line' id='line_1_16' title="bbox 98 1255 900 1325; baseline 0.001 -17"><span class='ocrx_word' id='word_1_115' title='bbox 98 1274 147 1308; x_wconf 92' lang='lat' dir='ltr'><strong><em>nus</em></strong></span> <span class='ocrx_word' id='word_1_116' title='bbox 157 1256 305 1325; x_wconf 81' lang='lat' dir='ltr'><strong><em>antefacta</em></strong></span> <span class='ocrx_word' id='word_1_117' title='bbox 313 1257 415 1318; x_wconf 83' lang='lat' dir='ltr'><strong><em>babuit,</em></strong></span> <span class='ocrx_word' id='word_1_118' title='bbox 431 1257 591 1324; x_wconf 89' lang='lat' dir='ltr'><strong><em>praesertim</em></strong></span> <span class='ocrx_word' id='word_1_119' title='bbox 601 1255 628 1306; x_wconf 88' lang='lat' dir='ltr'><strong><em>in</em></strong></span> <span class='ocrx_word' id='word_1_120' title='bbox 641 1257 718 1317; x_wconf 87' lang='lat' dir='ltr'><strong><em>bello,</em></strong></span> <span class='ocrx_word' id='word_1_121' title='bbox 736 1255 834 1308; x_wconf 84' lang='lat' dir='ltr'><strong><em>abires</em></strong></span> <span class='ocrx_word' id='word_1_122' title='bbox 845 1273 900 1308; x_wconf 90' lang='lat' dir='ltr'><strong><em>ma·</em></strong></span> 
     </span>
     <span class='ocr_line' id='line_1_17' title="bbox 99 1323 904 1392; baseline -0.001 -17"><span class='ocrx_word' id='word_1_123' title='bbox 99 1341 134 1375; x_wconf 92' lang='lat' dir='ltr'><strong><em>nu</em></strong></span> <span class='ocrx_word' id='word_1_124' title='bbox 142 1323 261 1391; x_wconf 83' lang='lat' dir='ltr'><strong><em>geritur,</em></strong></span> <span class='ocrx_word' id='word_1_125' title='bbox 275 1323 555 1392; x_wconf 81' lang='lat' dir='ltr'><strong><em>linguaepromtitudo</em></strong></span> <span class='ocrx_word' id='word_1_126' title='bbox 573 1339 769 1390; x_wconf 84' lang='lat' dir='ltr'><strong><em>superuacanea</em></strong></span> <span class='ocrx_word' id='word_1_127' title='bbox 780 1333 826 1375; x_wconf 88' lang='lat' dir='ltr'><strong><em>est.</em></strong></span> <span class='ocrx_word' id='word_1_128' title='bbox 867 1323 904 1374; x_wconf 83' lang='lat' dir='ltr'><strong><em>Ut</em></strong></span> 
     </span>
     <span class='ocr_line' id='line_1_18' title="bbox 98 1389 902 1460; baseline -0.002 -18"><span class='ocrx_word' id='word_1_129' title='bbox 98 1392 149 1442; x_wconf 88' lang='lat' dir='ltr'><strong><em>sibi</em></strong></span> <span class='ocrx_word' id='word_1_130' title='bbox 158 1391 250 1442; x_wconf 81' lang='lat' dir='ltr'><strong><em>diserti</em></strong></span> <span class='ocrx_word' id='word_1_131' title='bbox 258 1389 409 1442; x_wconf 81' lang='lat' dir='ltr'><strong><em>uideantur:</em></strong></span> <span class='ocrx_word' id='word_1_132' title='bbox 428 1392 511 1443; x_wconf 84' lang='lat' dir='ltr'><strong><em>uirtus</em></strong></span> <span class='ocrx_word' id='word_1_133' title='bbox 526 1401 553 1442; x_wconf 88' lang='lat' dir='ltr'><strong><em>et</em></strong></span> <span class='ocrx_word' id='word_1_134' title='bbox 555 1391 673 1460; x_wconf 85' lang='lat' dir='ltr'><strong><em>fortuna</em></strong></span> <span class='ocrx_word' id='word_1_135' title='bbox 683 1390 809 1458; x_wconf 85' lang='lat' dir='ltr'><strong><em>Pbilippi,</em></strong></span> <span class='ocrx_word' id='word_1_136' title='bbox 818 1392 902 1442; x_wconf 77' lang='lat' dir='ltr'><strong><em>&#39;tantis</em></strong></span> 
     </span>
     <span class='ocr_line' id='line_1_19' title="bbox 100 1457 903 1526; baseline -0.001 -17"><span class='ocrx_word' id='word_1_137' title='bbox 100 1459 154 1509; x_wconf 85' lang='lat' dir='ltr'><strong><em>suis</em></strong></span> <span class='ocrx_word' id='word_1_138' title='bbox 164 1457 347 1525; x_wconf 82' lang='lat' dir='ltr'><strong><em>sociorumque</em></strong></span> <span class='ocrx_word' id='word_1_139' title='bbox 358 1458 457 1510; x_wconf 80' lang='lat' dir='ltr'><strong><em>viribus</em></strong></span> <span class='ocrx_word' id='word_1_140' title='bbox 467 1459 587 1520; x_wconf 78' lang='lat' dir='ltr'><strong><em>subnixa,</em></strong></span> <span class='ocrx_word' id='word_1_141' title='bbox 597 1460 656 1526; x_wconf 88' lang='lat' dir='ltr'><strong><em>plus</em></strong></span> <span class='ocrx_word' id='word_1_142' title='bbox 685 1459 773 1510; x_wconf 77' lang='lat' dir='ltr'><strong><em>eterit.</em></strong></span> <span class='ocrx_word' id='word_1_143' title='bbox 801 1461 826 1511; x_wconf 85' lang='lat' dir='ltr'><strong><em>b.</em></strong></span> <span class='ocrx_word' id='word_1_144' title='bbox 847 1457 903 1511; x_wconf 89' lang='lat' dir='ltr'><strong><em>Nec</em></strong></span> 
     </span>
     <span class='ocr_line' id='line_1_20' title="bbox 100 1476 902 1593; baseline 0.001 -18"><span class='ocrx_word' id='word_1_145' title='bbox 100 1525 258 1593; x_wconf 86' lang='lat' dir='ltr'><strong><em>enimfacile</em></strong></span> <span class='ocrx_word' id='word_1_146' title='bbox 268 1525 388 1589; x_wconf 78' lang='lat' dir='ltr'><strong><em>dixerim,</em></strong></span> <span class='ocrx_word' id='word_1_147' title='bbox 403 1527 526 1578; x_wconf 81' lang='lat' dir='ltr'><strong><em>stolidior</em></strong></span> <span class='ocrx_word' id='word_1_148' title='bbox 535 1543 570 1578; x_wconf 90' lang='lat' dir='ltr'><strong><em>an</em></strong></span> <span class='ocrx_word' id='word_1_149' title='bbox 579 1476 758 1593; x_wconf 57' lang='lat' dir='ltr'><strong><em>impuebntior</em></strong></span> <span class='ocrx_word' id='word_1_150' title='bbox 766 1526 803 1578; x_wconf 87' lang='lat' dir='ltr'><strong><em>sit</em></strong></span> <span class='ocrx_word' id='word_1_151' title='bbox 811 1543 902 1578; x_wconf 87' lang='lat' dir='ltr'><strong><em>eorum</em></strong></span> 
     </span>
     <span class='ocr_line' id='line_1_21' title="bbox 96 1591 900 1664; baseline 0.004 -22"><span class='ocrx_word' id='word_1_152' title='bbox 96 1592 252 1660; x_wconf 87' lang='lat' dir='ltr'><strong><em>postulatio.</em></strong></span> <span class='ocrx_word' id='word_1_153' title='bbox 288 1591 456 1645; x_wconf 87' lang='lat' dir='ltr'><strong><em>Intentatum</em></strong></span> <span class='ocrx_word' id='word_1_154' title='bbox 465 1595 574 1647; x_wconf 85' lang='lat' dir='ltr'><strong><em>Atticae</em></strong></span> <span class='ocrx_word' id='word_1_155' title='bbox 575 1594 683 1664; x_wconf 82' lang='lat' dir='ltr'><strong><em>fulmen</em></strong></span> <span class='ocrx_word' id='word_1_156' title='bbox 693 1594 818 1661; x_wconf 85' lang='lat' dir='ltr'><strong><em>excipite,</em></strong></span> <span class='ocrx_word' id='word_1_157' title='bbox 832 1592 900 1645; x_wconf 73' lang='lat' dir='ltr'><strong><em>me-</em></strong></span> 
     </span>
     <span class='ocr_line' id='line_1_22' title="bbox 101 1659 900 1740; baseline 0 -30"><span class='ocrx_word' id='word_1_158' title='bbox 101 1659 177 1710; x_wconf 83' lang='lat' dir='ltr'><strong><em>boni:</em></strong></span> <span class='ocrx_word' id='word_1_159' title='bbox 196 1660 268 1711; x_wconf 86' lang='lat' dir='ltr'><strong><em>socio</em></strong></span> <span class='ocrx_word' id='word_1_160' title='bbox 280 1669 359 1740; x_wconf 74' lang='lat' dir='ltr'><strong><em>atque</em></strong></span> <span class='ocrx_word' id='word_1_161' title='bbox 369 1662 454 1714; x_wconf 85' lang='lat' dir='ltr'><strong><em>amiso</em></strong></span> <span class='ocrx_word' id='word_1_162' title='bbox 465 1663 526 1732; x_wconf 77' lang='lat' dir='ltr'><strong><em>regi</em></strong></span> <span class='ocrx_word' id='word_1_163' title='bbox 537 1663 629 1714; x_wconf 84' lang='lat' dir='ltr'><strong><em>bellum</em></strong></span> <span class='ocrx_word' id='word_1_164' title='bbox 647 1679 705 1714; x_wconf 86' lang='lat' dir='ltr'><strong><em>cum</em></strong></span> <span class='ocrx_word' id='word_1_165' title='bbox 719 1661 800 1714; x_wconf 83' lang='lat' dir='ltr'><strong><em>exitio</em></strong></span> <span class='ocrx_word' id='word_1_166' title='bbox 814 1669 900 1712; x_wconf 86' lang='lat' dir='ltr'><strong><em>oestro</em></strong></span> 
     </span>
     <span class='ocr_line' id='line_1_23' title="bbox 92 1727 901 1798; baseline 0.001 -19"><span class='ocrx_word' id='word_1_167' title='bbox 92 1727 195 1796; x_wconf 82' lang='lat' dir='ltr'><strong><em>facite,</em></strong></span> <span class='ocrx_word' id='word_1_168' title='bbox 205 1727 239 1778; x_wconf 87' lang='lat' dir='ltr'><strong><em>ul</em></strong></span> <span class='ocrx_word' id='word_1_169' title='bbox 246 1745 294 1780; x_wconf 92' lang='lat' dir='ltr'><strong><em>nos</em></strong></span> <span class='ocrx_word' id='word_1_170' title='bbox 303 1746 332 1780; x_wconf 82' lang='lat' dir='ltr'><strong><em>sn</em></strong></span> <span class='ocrx_word' id='word_1_171' title='bbox 343 1739 400 1781; x_wconf 90' lang='lat' dir='ltr'><strong><em>tuto</em></strong></span> <span class='ocrx_word' id='word_1_172' title='bbox 410 1729 502 1783; x_wconf 86' lang='lat' dir='ltr'><strong><em>simus:</em></strong></span> <span class='ocrx_word' id='word_1_173' title='bbox 523 1739 623 1783; x_wconf 90' lang='lat' dir='ltr'><strong><em>oestros</em></strong></span> <span class='ocrx_word' id='word_1_174' title='bbox 633 1747 728 1798; x_wconf 83' lang='lat' dir='ltr'><strong><em>agros,</em></strong></span> <span class='ocrx_word' id='word_1_175' title='bbox 744 1738 833 1780; x_wconf 86' lang='lat' dir='ltr'><strong><em>uestra</em></strong></span> <span class='ocrx_word' id='word_1_176' title='bbox 843 1746 901 1782; x_wconf 88' lang='lat' dir='ltr'><strong><em>cor·</em></strong></span> 
     </span>
     <span class='ocr_line' id='line_1_24' title="bbox 93 1795 900 1862; baseline 0.002 -16"><span class='ocrx_word' id='word_1_177' title='bbox 93 1811 166 1862; x_wconf 90' lang='lat' dir='ltr'><strong><em>pora</em></strong></span> <span class='ocrx_word' id='word_1_178' title='bbox 178 1795 292 1858; x_wconf 85' lang='lat' dir='ltr'><strong><em>obiicite,</em></strong></span> <span class='ocrx_word' id='word_1_179' title='bbox 304 1813 336 1848; x_wconf 89' lang='lat' dir='ltr'><strong><em>ne</em></strong></span> <span class='ocrx_word' id='word_1_180' title='bbox 345 1797 506 1850; x_wconf 82' lang='lat' dir='ltr'><strong><em>iniuriarum</em></strong></span> <span class='ocrx_word' id='word_1_181' title='bbox 515 1795 900 1850; x_wconf 83' lang='lat' dir='ltr'><strong><em>suarumoindictamabAtbe-</em></strong></span> 
     </span>
     <span class='ocr_line' id='line_1_25' title="bbox 98 1863 900 1934; baseline 0.002 -21"><span class='ocrx_word' id='word_1_182' title='bbox 98 1863 230 1914; x_wconf 83' lang='lat' dir='ltr'><strong><em>aiensibus</em></strong></span> <span class='ocrx_word' id='word_1_183' title='bbox 245 1863 384 1933; x_wconf 77' lang='lat' dir='ltr'><strong><em>Philippus</em></strong></span> <span class='ocrx_word' id='word_1_184' title='bbox 400 1866 501 1934; x_wconf 81' lang='lat' dir='ltr'><strong><em>exigat.</em></strong></span> <span class='ocrx_word' id='word_1_185' title='bbox 536 1868 562 1917; x_wconf 76' lang='lat' dir='ltr'><strong><em>l.</em></strong></span> <span class='ocrx_word' id='word_1_186' title='bbox 580 1863 715 1916; x_wconf 82' lang='lat' dir='ltr'><strong><em>Haeccine</em></strong></span> <span class='ocrx_word' id='word_1_187' title='bbox 732 1870 794 1914; x_wconf 88' lang='lat' dir='ltr'><strong><em>sunt</em></strong></span> <span class='ocrx_word' id='word_1_188' title='bbox 808 1872 900 1929; x_wconf 90' lang='lat' dir='ltr'><strong><em>postu·</em></strong></span> 
     </span>
     <span class='ocr_line' id='line_1_26' title="bbox 98 1931 901 1999; baseline 0.002 -19"><span class='ocrx_word' id='word_1_189' title='bbox 98 1932 154 1981; x_wconf 90' lang='lat' dir='ltr'><strong><em>lata</em></strong></span> <span class='ocrx_word' id='word_1_190' title='bbox 165 1931 312 1994; x_wconf 75' lang='lat' dir='ltr'><strong><em>bantinum,</em></strong></span> <span class='ocrx_word' id='word_1_191' title='bbox 335 1933 380 1998; x_wconf 80' lang='lat' dir='ltr'><strong><em>qui</em></strong></span> <span class='ocrx_word' id='word_1_192' title='bbox 389 1940 438 1984; x_wconf 90' lang='lat' dir='ltr'><strong><em>aut</em></strong></span> <span class='ocrx_word' id='word_1_193' title='bbox 446 1932 499 1999; x_wconf 86' lang='lat' dir='ltr'><strong><em>ipsi</em></strong></span> <span class='ocrx_word' id='word_1_194' title='bbox 507 1947 572 1983; x_wconf 91' lang='lat' dir='ltr'><strong><em>sano</em></strong></span> <span class='ocrx_word' id='word_1_195' title='bbox 592 1931 690 1980; x_wconf 84' lang='lat' dir='ltr'><strong><em>iudicio</em></strong></span> <span class='ocrx_word' id='word_1_196' title='bbox 708 1937 833 1994; x_wconf 87' lang='lat' dir='ltr'><strong><em>utantur,</em></strong></span> <span class='ocrx_word' id='word_1_197' title='bbox 855 1943 901 1982; x_wconf 88' lang='lat' dir='ltr'><strong><em>aut</em></strong></span> 
     </span>
     <span class='ocr_line' id='line_1_27' title="bbox 97 1997 900 2065; baseline 0.002 -17"><span class='ocrx_word' id='word_1_198' title='bbox 97 1997 164 2049; x_wconf 87' lang='lat' dir='ltr'><strong><em>alios</em></strong></span> <span class='ocrx_word' id='word_1_199' title='bbox 174 1999 216 2048; x_wconf 85' lang='lat' dir='ltr'><strong><em>uti</em></strong></span> <span class='ocrx_word' id='word_1_200' title='bbox 225 2000 351 2050; x_wconf 79' lang='lat' dir='ltr'><strong><em>credant?</em></strong></span> <span class='ocrx_word' id='word_1_201' title='bbox 366 1998 421 2061; x_wconf 90' lang='lat' dir='ltr'><strong><em>Qui</em></strong></span> <span class='ocrx_word' id='word_1_202' title='bbox 430 1999 506 2049; x_wconf 88' lang='lat' dir='ltr'><strong><em>modo</em></strong></span> <span class='ocrx_word' id='word_1_203' title='bbox 517 1999 616 2048; x_wconf 89' lang='lat' dir='ltr'><strong><em>nullam</em></strong></span> <span class='ocrx_word' id='word_1_204' title='bbox 622 1997 762 2065; x_wconf 84' lang='lat' dir='ltr'><strong><em>premendi</em></strong></span> <span class='ocrx_word' id='word_1_205' title='bbox 771 2014 815 2049; x_wconf 87' lang='lat' dir='ltr'><strong><em>aas</em></strong></span> <span class='ocrx_word' id='word_1_206' title='bbox 827 2014 900 2050; x_wconf 85' lang='lat' dir='ltr'><strong><em>occa-</em></strong></span> 
     </span>
     <span class='ocr_line' id='line_1_28' title="bbox 95 2064 899 2132; baseline 0.002 -18"><span class='ocrx_word' id='word_1_207' title='bbox 95 2064 195 2116; x_wconf 89' lang='lat' dir='ltr'><strong><em>sionem</em></strong></span> <span class='ocrx_word' id='word_1_208' title='bbox 202 2065 455 2132; x_wconf 88' lang='lat' dir='ltr'><strong><em>praetermiserunt,</em></strong></span> <span class='ocrx_word' id='word_1_209' title='bbox 472 2065 519 2131; x_wconf 81' lang='lat' dir='ltr'><strong><em>qui</em></strong></span> <span class='ocrx_word' id='word_1_210' title='bbox 532 2079 577 2115; x_wconf 89' lang='lat' dir='ltr'><strong><em>oos</em></strong></span> <span class='ocrx_word' id='word_1_211' title='bbox 592 2065 767 2127; x_wconf 83' lang='lat' dir='ltr'><strong><em>contumeliis,</em></strong></span> <span class='ocrx_word' id='word_1_212' title='bbox 785 2066 899 2128; x_wconf 85' lang='lat' dir='ltr'><strong><em>iniuriis,</em></strong></span> 
     </span>
     <span class='ocr_line' id='line_1_29' title="bbox 97 2132 900 2200; baseline 0 -18"><span class='ocrx_word' id='word_1_213' title='bbox 97 2132 187 2194; x_wconf 76' lang='lat' dir='ltr'><strong><em>arnoia,</em></strong></span> <span class='ocrx_word' id='word_1_214' title='bbox 200 2142 327 2200; x_wconf 81' lang='lat' dir='ltr'><strong><em>quantum</em></strong></span> <span class='ocrx_word' id='word_1_215' title='bbox 335 2139 487 2198; x_wconf 86' lang='lat' dir='ltr'><strong><em>potnerunt,</em></strong></span> <span class='ocrx_word' id='word_1_216' title='bbox 501 2132 644 2198; x_wconf 79' lang='lat' dir='ltr'><strong><em>persecuti,</em></strong></span> <span class='ocrx_word' id='word_1_217' title='bbox 654 2142 754 2184; x_wconf 83' lang='lat' dir='ltr'><strong><em>vestras</em></strong></span> <span class='ocrx_word' id='word_1_218' title='bbox 764 2134 849 2185; x_wconf 87' lang='lat' dir='ltr'><strong><em>clades</em></strong></span> <span class='ocrx_word' id='word_1_219' title='bbox 861 2145 900 2184; x_wconf 82' lang='lat' dir='ltr'><strong><em>at-</em></strong></span> 
     </span>
     <span class='ocr_line' id='line_1_30' title="bbox 98 2199 900 2270; baseline 0.001 -21"><span class='ocrx_word' id='word_1_220' title='bbox 98 2215 147 2265; x_wconf 80' lang='lat' dir='ltr'><strong><em>que</em></strong></span> <span class='ocrx_word' id='word_1_221' title='bbox 155 2199 275 2266; x_wconf 86' lang='lat' dir='ltr'><strong><em>pericula</em></strong></span> <span class='ocrx_word' id='word_1_222' title='bbox 278 2199 441 2270; x_wconf 79' lang='lat' dir='ltr'><strong><em>felicitatem</em></strong></span> <span class='ocrx_word' id='word_1_223' title='bbox 449 2214 524 2250; x_wconf 88' lang='lat' dir='ltr'><strong><em>suam</em></strong></span> <span class='ocrx_word' id='word_1_224' title='bbox 534 2199 591 2251; x_wconf 85' lang='lat' dir='ltr'><strong><em>rati</em></strong></span> <span class='ocrx_word' id='word_1_225' title='bbox 598 2209 673 2252; x_wconf 86' lang='lat' dir='ltr'><strong><em>sunt:</em></strong></span> <span class='ocrx_word' id='word_1_226' title='bbox 691 2201 713 2252; x_wconf 89' lang='lat' dir='ltr'><strong><em>ii</em></strong></span> <span class='ocrx_word' id='word_1_227' title='bbox 722 2217 792 2252; x_wconf 90' lang='lat' dir='ltr'><strong><em>nunc</em></strong></span> <span class='ocrx_word' id='word_1_228' title='bbox 801 2217 818 2252; x_wconf 93' lang='lat' dir='ltr'><strong><em>a</em></strong></span> <span class='ocrx_word' id='word_1_229' title='bbox 828 2201 900 2251; x_wconf 81' lang='lat' dir='ltr'><strong><em>nobis</em></strong></span> 
     </span>
     <span class='ocr_line' id='line_1_31' title="bbox 92 2265 900 2336; baseline 0.004 -21"><span class='ocrx_word' id='word_1_230' title='bbox 92 2274 185 2332; x_wconf 86' lang='lat' dir='ltr'><strong><em>petere</em></strong></span> <span class='ocrx_word' id='word_1_231' title='bbox 195 2267 301 2328; x_wconf 87' lang='lat' dir='ltr'><strong><em>audent,</em></strong></span> <span class='ocrx_word' id='word_1_232' title='bbox 308 2274 405 2317; x_wconf 91' lang='lat' dir='ltr'><strong><em>utcum</em></strong></span> <span class='ocrx_word' id='word_1_233' title='bbox 415 2265 477 2332; x_wconf 86' lang='lat' dir='ltr'><strong><em>ipsis</em></strong></span> <span class='ocrx_word' id='word_1_234' title='bbox 483 2266 575 2334; x_wconf 87' lang='lat' dir='ltr'><strong><em>perire</em></strong></span> <span class='ocrx_word' id='word_1_235' title='bbox 580 2268 685 2332; x_wconf 88' lang='lat' dir='ltr'><strong><em>malitis,</em></strong></span> <span class='ocrx_word' id='word_1_236' title='bbox 693 2285 771 2336; x_wconf 82' lang='lat' dir='ltr'><strong><em>quum</em></strong></span> <span class='ocrx_word' id='word_1_237' title='bbox 777 2267 900 2320; x_wconf 87' lang='lat' dir='ltr'><strong><em>cumei·</em></strong></span> 
     </span>
     <span class='ocr_line' id='line_1_32' title="bbox 97 2331 900 2401; baseline 0.004 -19"><span class='ocrx_word' id='word_1_238' title='bbox 97 2331 166 2399; x_wconf 76' lang='lat' dir='ltr'><strong><em>lippo</em></strong></span> <span class='ocrx_word' id='word_1_239' title='bbox 178 2332 291 2385; x_wconf 83' lang='lat' dir='ltr'><strong><em>uincere.</em></strong></span> <span class='ocrx_word' id='word_1_240' title='bbox 303 2337 327 2385; x_wconf 86' lang='grc'><strong><em>8.</em></strong></span> <span class='ocrx_word' id='word_1_241' title='bbox 334 2333 372 2383; x_wconf 90' lang='lat' dir='ltr'><strong><em>At</em></strong></span> <span class='ocrx_word' id='word_1_242' title='bbox 380 2331 429 2384; x_wconf 86' lang='lat' dir='ltr'><strong><em>iste</em></strong></span> <span class='ocrx_word' id='word_1_243' title='bbox 439 2332 531 2401; x_wconf 86' lang='lat' dir='ltr'><strong><em>bospes</em></strong></span> <span class='ocrx_word' id='word_1_244' title='bbox 542 2343 569 2386; x_wconf 87' lang='lat' dir='ltr'><strong><em>et</em></strong></span> <span class='ocrx_word' id='word_1_245' title='bbox 577 2337 697 2388; x_wconf 89' lang='lat' dir='ltr'><strong><em>alumnus</em></strong></span> <span class='ocrx_word' id='word_1_246' title='bbox 707 2345 800 2398; x_wconf 85' lang='lat' dir='ltr'><strong><em>nester,</em></strong></span> <span class='ocrx_word' id='word_1_247' title='bbox 807 2336 900 2386; x_wconf 87' lang='lat' dir='ltr'><strong><em>educa-</em></strong></span> 
     </span>
     <span class='ocr_line' id='line_1_33' title="bbox 99 2399 900 2470; baseline 0.005 -21"><span class='ocrx_word' id='word_1_248' title='bbox 99 2408 139 2450; x_wconf 91' lang='lat' dir='ltr'><strong><em>tus</em></strong></span> <span class='ocrx_word' id='word_1_249' title='bbox 149 2399 177 2451; x_wconf 91' lang='lat' dir='ltr'><strong><em>in</em></strong></span> <span class='ocrx_word' id='word_1_250' title='bbox 187 2399 359 2452; x_wconf 87' lang='lat' dir='ltr'><strong><em>contubernio</em></strong></span> <span class='ocrx_word' id='word_1_251' title='bbox 365 2399 576 2468; x_wconf 83' lang='lat' dir='ltr'><strong><em>Epaminondae,</em></strong></span> <span class='ocrx_word' id='word_1_252' title='bbox 581 2403 724 2462; x_wconf 76' lang='lat' dir='ltr'><strong><em>plurissimi</em></strong></span> <span class='ocrx_word' id='word_1_253' title='bbox 731 2403 900 2470; x_wconf 84' lang='lat' dir='ltr'><strong><em>imperatoris</em></strong></span> 
     </span>
     <span class='ocr_line' id='line_1_34' title="bbox 96 2466 900 2535; baseline 0.009 -19"><span class='ocrx_word' id='word_1_254' title='bbox 96 2466 307 2533; x_wconf 76' lang='lat' dir='ltr'><strong><em>sanctissimique</em></strong></span> <span class='ocrx_word' id='word_1_255' title='bbox 316 2467 375 2530; x_wconf 84' lang='lat' dir='ltr'><strong><em>oiri,</em></strong></span> <span class='ocrx_word' id='word_1_256' title='bbox 387 2484 446 2519; x_wconf 89' lang='lat' dir='ltr'><strong><em>curn</em></strong></span> <span class='ocrx_word' id='word_1_257' title='bbox 456 2467 537 2535; x_wconf 86' lang='lat' dir='ltr'><strong><em>ipsius</em></strong></span> <span class='ocrx_word' id='word_1_258' title='bbox 547 2471 664 2523; x_wconf 86' lang='lat' dir='ltr'><strong><em>moribus</em></strong></span> <span class='ocrx_word' id='word_1_259' title='bbox 679 2488 696 2521; x_wconf 93' lang='lat' dir='ltr'><strong><em>a</em></strong></span> <span class='ocrx_word' id='word_1_260' title='bbox 710 2479 801 2521; x_wconf 83' lang='lat' dir='ltr'><strong><em>tenera</em></strong></span> <span class='ocrx_word' id='word_1_261' title='bbox 812 2479 900 2523; x_wconf 87' lang='lat' dir='ltr'><strong><em>aetate</em></strong></span> 
     </span>
     <span class='ocr_line' id='line_1_35' title="bbox 98 2533 898 2604; baseline 0.009 -21"><span class='ocrx_word' id='word_1_262' title='bbox 98 2534 239 2584; x_wconf 84' lang='lat' dir='ltr'><strong><em>caritatem</em></strong></span> <span class='ocrx_word' id='word_1_263' title='bbox 249 2533 322 2585; x_wconf 87' lang='lat' dir='ltr'><strong><em>urbis</em></strong></span> <span class='ocrx_word' id='word_1_264' title='bbox 331 2544 433 2586; x_wconf 82' lang='lat' dir='ltr'><strong><em>uestrae</em></strong></span> <span class='ocrx_word' id='word_1_265' title='bbox 443 2536 560 2589; x_wconf 89' lang='lat' dir='ltr'><strong><em>imbibit:</em></strong></span> <span class='ocrx_word' id='word_1_266' title='bbox 574 2548 674 2590; x_wconf 81' lang='lat' dir='ltr'><strong><em>uestras</em></strong></span> <span class='ocrx_word' id='word_1_267' title='bbox 684 2547 712 2589; x_wconf 89' lang='lat' dir='ltr'><strong><em>et</em></strong></span> <span class='ocrx_word' id='word_1_268' title='bbox 721 2537 850 2604; x_wconf 77' lang='lat' dir='ltr'><strong><em>Apollinis</em></strong></span> <span class='ocrx_word' id='word_1_269' title='bbox 859 2539 898 2590; x_wconf 87' lang='lat' dir='ltr'><strong><em>in-</em></strong></span> 
     </span>
     <span class='ocr_line' id='line_1_36' title="bbox 97 2600 897 2672; baseline 0.01 -23"><span class='ocrx_word' id='word_1_270' title='bbox 97 2600 181 2651; x_wconf 85' lang='lat' dir='ltr'><strong><em>iurias</em></strong></span> <span class='ocrx_word' id='word_1_271' title='bbox 191 2600 324 2652; x_wconf 81' lang='lat' dir='ltr'><strong><em>Pbooensi</em></strong></span> <span class='ocrx_word' id='word_1_272' title='bbox 333 2602 397 2654; x_wconf 90' lang='lat' dir='ltr'><strong><em>bello</em></strong></span> <span class='ocrx_word' id='word_1_273' title='bbox 408 2604 477 2655; x_wconf 84' lang='lat' dir='ltr'><strong><em>ultus</em></strong></span> <span class='ocrx_word' id='word_1_274' title='bbox 488 2613 539 2666; x_wconf 85' lang='lat' dir='ltr'><strong><em>est,</em></strong></span> <span class='ocrx_word' id='word_1_275' title='bbox 557 2621 636 2672; x_wconf 79' lang='lat' dir='ltr'><strong><em>quum</em></strong></span> <span class='ocrx_word' id='word_1_276' title='bbox 649 2604 822 2657; x_wconf 85' lang='lat' dir='ltr'><strong><em>Albenienses</em></strong></span> <span class='ocrx_word' id='word_1_277' title='bbox 838 2607 897 2657; x_wconf 87' lang='lat' dir='ltr'><strong><em>odio</em></strong></span> 
     </span>
     <span class='ocr_line' id='line_1_37' title="bbox 97 2667 899 2737; baseline 0.01 -21"><span class='ocrx_word' id='word_1_278' title='bbox 97 2667 435 2737; x_wconf 80' lang='lat' dir='ltr'><strong><em>nestrisacrilegisouailia</em></strong></span> <span class='ocrx_word' id='word_1_279' title='bbox 445 2671 595 2723; x_wconf 86' lang='lat' dir='ltr'><strong><em>mitterent:</em></strong></span> <span class='ocrx_word' id='word_1_280' title='bbox 614 2674 637 2723; x_wconf 78' lang='lat'><strong><em>9.</em></strong></span> <span class='ocrx_word' id='word_1_281' title='bbox 657 2671 753 2722; x_wconf 88' lang='lat' dir='ltr'><strong><em>iterum</em></strong></span> <span class='ocrx_word' id='word_1_282' title='bbox 767 2674 899 2724; x_wconf 88' lang='lat' dir='ltr'><strong><em>communi</em></strong></span> 
     </span>
     <span class='ocr_line' id='line_1_38' title="bbox 98 2734 895 2804; baseline 0.011 -21"><span class='ocrx_word' id='word_1_283' title='bbox 98 2734 321 2804; x_wconf 78' lang='lat' dir='ltr'><strong><em>Amphictyonum</em></strong></span> <span class='ocrx_word' id='word_1_284' title='bbox 331 2739 434 2792; x_wconf 88' lang='lat' dir='ltr'><strong><em>decreto</em></strong></span> <span class='ocrx_word' id='word_1_285' title='bbox 446 2747 580 2801; x_wconf 84' lang='lat' dir='ltr'><strong><em>exoratus,</em></strong></span> <span class='ocrx_word' id='word_1_286' title='bbox 592 2739 705 2789; x_wconf 73' lang='lat' dir='ltr'><strong><em>sitalem</em></strong></span> <span class='ocrx_word' id='word_1_287' title='bbox 715 2739 828 2791; x_wconf 80' lang='lat' dir='ltr'><strong><em>nurrsinis</em></strong></span> <span class='ocrx_word' id='word_1_288' title='bbox 836 2757 895 2792; x_wconf 90' lang='lat' dir='ltr'><strong><em>con·</em></strong></span> 
     </span>
    </p>
   </div>
   <div class='ocr_carea' id='block_1_3' title="bbox 0 0 1025 3030">
    <p class='ocr_par' dir='ltr' id='par_1_3' title="bbox 0 0 1025 3030">
     <span class='ocr_line' id='line_1_39' title="bbox 0 0 1025 3030; baseline 0 0"><span class='ocrx_word' id='word_1_289' title='bbox 0 0 1025 3030; x_wconf 95' lang='lat' dir='ltr'><strong><em> </em></strong></span> 
     </span>
    </p>
   </div>
  </div>
 </body>
</html>
