2048 3034
103 209 152 258 ne
319 203 492 264 ournrr
520 201 687 256 curris
784 186 787 191 “

103 307 157 360 sali
168 307 276 374 equites
287 303 462 367 claudebant,
480 303 609 371 Philippo
621 305 701 355 duce.
737 303 868 356 Peditum
880 323 897 356 a

103 376 162 426 cies
183 373 307 440 equitatu
326 372 482 440 tegebatur.
527 371 617 422 Frons
636 371 710 422 iacui
729 387 817 423 cornu
838 371 911 424 haec

103 447 172 494 erat
208 441 250 501 39.
270 439 326 492 Sed
336 455 371 490 ne
382 439 522 490 circumiri
534 442 631 505 posset
640 454 658 490 a
666 439 855 504 multitudine,
866 442 907 491 ul-

103 510 199 560 timum
211 522 310 576 agnnen
321 507 415 558 valida
425 522 507 558 uranu
517 509 651 558 cinxerat
675 509 785 559 Cornua
794 524 908 577 quoque

103 576 236 629 subsidiis
247 575 375 636 firmavit,
390 590 445 626 non
457 581 535 638 recta
546 573 649 636 fronte,
670 575 720 626 sed
731 589 747 625 a
757 576 847 627 latere
857 592 905 644 po·

104 645 178 697 sitis:
196 650 235 706 ut,
255 644 280 695 si
291 642 380 693 hostis
392 641 591 693 circumvenire
602 642 691 694 aciem
701 649 848 706 tentasset,
859 659 905 711 pa·

103 719 165 766 rata
175 726 283 780 pugnae
295 710 397 761 forent.
434 709 475 760 31.
494 710 549 760 Hic
559 711 673 778 Agriani
694 718 782 773 erant,
806 712 905 778 quibus

104 781 210 833 Attalus
222 785 368 847 praeerat,
389 777 526 829 adiunctis
547 779 701 845 sagittariis
715 779 904 830 Cretensibus.

103 851 221 903 Ultimos
234 847 346 898 ordines
357 844 588 907 avertitafronte,
599 852 630 896 ut
639 852 726 898 totam
737 846 827 897 aciem
838 847 906 898 orbe

102 919 231 970 muniret.
267 915 358 981 Illyrii
369 912 415 964 hic
426 919 513 974 erant,
534 912 666 964 adiuncto
677 913 766 966 milite
776 915 906 966 mercede

103 986 251 1039 conducto.
286 982 327 1032 32.
347 981 471 1032 Thracas
483 995 593 1048 quoque
608 981 691 1033 simul
714 982 859 1033 obiecerat
869 981 905 1033 lc-

101 1055 175 1105 riter
192 1054 322 1102 armatos.
358 1048 491 1116 Adeoque
510 1049 598 1100 aciem
617 1049 784 1101 versabilem
802 1052 905 1118 posuit,

103 1127 141 1184 ut,
155 1119 200 1188 qui
213 1117 303 1169 ultimi
315 1115 434 1177 stabant,
446 1131 480 1166 ne
492 1117 712 1180 circumirentur,
723 1119 794 1169 verti
803 1127 908 1182 tamen,

103 1194 132 1240 et
141 1189 170 1238 in
184 1186 304 1236 frontem
316 1184 467 1250 circumagi
478 1192 603 1250 possent.
638 1185 734 1252 itaque
745 1201 799 1236 non
809 1189 908 1252 prima,
1001 1200 1002 1204 ¹

104 1255 185 1322 quam
196 1253 296 1314 latera3
315 1266 370 1300 non
382 1249 470 1301 latera
479 1252 631 1303 munitiora
652 1252 741 1314 fuere,
760 1269 843 1320 quam
853 1261 908 1304 ter-

41 1327 43 1332 '
103 1337 148 1390 ga.
184 1319 225 1370 33.
245 1319 297 1368 His
308 1319 348 1368 ita
358 1318 504 1380 ordinatis,
525 1321 669 1386 praecipit,
691 1327 731 1382 ut,
750 1322 775 1371 si
786 1320 908 1372 falcatos

104 1402 200 1440 currus
212 1402 273 1438 cum
284 1385 396 1436 fremitu
409 1385 522 1436 barbari
541 1387 708 1449 emitterent,
729 1389 783 1454 ipsi
802 1387 911 1440 laxatis

104 1454 386 1520 ordinibusimpetum
396 1455 599 1506 occurrentium
609 1455 908 1523 silentioexciperent:

103 1522 178 1575 haud
188 1522 297 1584 dubius,
310 1523 369 1572 sine
381 1537 455 1572 noxa
466 1529 684 1586 transcursuros,
695 1525 808 1575 sinemo
818 1539 850 1576 se
859 1540 896 1591 op
907 1553 909 1557 ·
951 1529 953 1533 '

102 1596 232 1661 poneret.
269 1589 317 1640 Sin
328 1597 420 1640 autem
432 1589 492 1641 sine
514 1588 627 1641 fremitu
645 1591 836 1654 immisissent,
858 1606 914 1645 cos

103 1658 158 1728 ipsi
169 1659 290 1710 clamore
301 1664 448 1720 terrerent,
461 1659 631 1726 pavidosque
641 1659 800 1724 equostelis
812 1661 911 1711 utrim-

103 1743 157 1848 pue
168 1725 350 1778 suffoderent.
379 1726 420 1776 34.
437 1726 491 1787 Qui
503 1728 633 1780 cornibus
644 1731 800 1794 praeerant,
812 1735 910 1780 exten·

123 1810 170 1848 ere
182 1809 216 1846 ea
224 1795 302 1856 iussi,
316 1795 355 1844 ita
367 1799 397 1844 ut
407 1809 458 1844 nec
471 1795 745 1857 circumvenirentur,
765 1795 791 1845 si
801 1798 911 1847 arctius

102 1870 222 1926 starent;
241 1877 293 1913 nec
303 1869 396 1918 tamen
407 1862 530 1912 ultimam
543 1863 630 1913 aciem
643 1863 826 1915 exinanirent.
864 1863 913 1914 35.

103 1930 302 1996 impedimenta
312 1945 373 1979 cum
385 1929 511 1996 captivis,
530 1929 603 1979 inter
623 1945 693 1996 quos
711 1936 799 1981 mater
811 1931 914 1982 iiberi-

103 2015 156 2066 que
168 1997 245 2048 Darii
258 1997 495 2057 custodiebantur,
504 1994 576 2046 haud
586 1998 685 2062 procul
695 1997 729 2048 ab
740 1999 800 2049 acie
810 1999 839 2048 in
851 1999 913 2050 edi·

102 2077 133 2118 to
144 2065 217 2116 colle
228 2064 381 2125 constituit,
398 2063 513 2115 ¹modico
533 2065 675 2129 praesidio
690 2065 799 2129 relicto.
837 2066 913 2118 Lae·

103 2149 165 2185 vum
177 2148 272 2194 cornu,
286 2132 360 2181 sicut
368 2130 448 2193 alias,
467 2129 645 2182 Parmenioni
656 2133 788 2184 tuendum
800 2133 916 2186 datum.-

102 2203 162 2267 ipse
174 2202 201 2252 in
213 2201 313 2250 dextro
333 2199 432 2250 stabat.
469 2197 509 2249 36.
529 2198 656 2250 Nondum
678 2199 713 2250 ad
732 2200 783 2251 teli
802 2202 916 2253 iactum

102 2272 295 2334 pervenerant,
316 2282 397 2334 quum
408 2266 480 2316 Bion
501 2267 610 2332 quidam
627 2265 781 2336 transfuga,
792 2277 913 2336 quanto

102 2336 222 2385 maximo
235 2350 317 2386 cursu
331 2340 470 2401 potuerat,
491 2334 526 2384 ad
544 2349 638 2402 regem
658 2337 796 2402 pervenit:
817 2339 916 2388 nunti-

103 2417 161 2462 ans,
171 2403 291 2453 murices
301 2400 411 2453 ferreos
421 2403 449 2452 in
460 2409 562 2454 terram
574 2401 716 2454 defodisse
723 2404 920 2471 Darium,qua

104 2467 211 2521 hostem
223 2471 330 2536 equites
341 2469 506 2522 emissurum
523 2481 585 2520 esse
606 2470 748 2533 credebat3
767 2477 915 2523 notatum-

101 2553 155 2656 pue
166 2543 244 2587 certo
254 2538 335 2618 signo
346 2538 448 2599 locum,
465 2545 497 2588 ut
506 2537 583 2588 fraus
593 2538 692 2588 evitari
702 2553 719 2589 a
729 2538 786 2588 suis
799 2547 915 2606 posset.

118 2607 142 2655 7.
153 2605 300 2656 Adservari
312 2605 457 2673 transfuga
467 2605 554 2668 iusso,
566 2606 651 2657 duces
661 2613 809 2657 convocat:
822 2621 917 2674 expo-

101 2675 212 2739 sitoque
233 2671 306 2738 quod
328 2675 481 2724 nuntiatum
503 2679 571 2734 erat,
591 2679 694 2735 monet,
716 2679 748 2725 ut
759 2674 918 2741 regionem

100 2746 280 2792 monstratam
301 2738 450 2802 declinent,
471 2741 649 2808 equitemque
664 2740 819 2808 periculum
841 2743 921 2794 edo-
