2054 3030
84 153 132 204 res
239 119 243 133 ’
302 152 474 215 aarum
502 151 671 204 cuarrl

82 264 253 336 receptarum
265 264 289 305 te
301 271 354 305 este
364 255 504 321 promitto.
542 253 583 304 Et
596 252 701 304 sincere
716 259 743 302 et
757 254 898 304 consulere

86 326 162 376 rietes
172 323 235 374 seio.
274 324 312 371 14.
332 320 435 385 Quodsi
448 331 473 372 te
490 321 565 373 nobis
576 321 740 372 committere
752 319 836 381 tiraee,
849 321 898 371 da-

87 389 266 458 bimmfidem,
277 389 541 456 impraesentiarum.
578 388 728 451 Hecataeo,
739 403 820 454 quam
831 386 902 438 tratti·

85 456 331 520 sermocinantem
343 473 396 508 noa
405 458 489 507 rotam
500 456 561 524 regi
571 465 604 518 te,
615 455 747 506 sedetiam
758 463 815 516 tuo,
828 454 897 505 seri·

88 527 157 577 bere.
195 527 234 576 15.
254 525 294 575 Ad
305 523 376 576 hanc
385 523 579 590 perferendam
591 522 763 588 Thersippus
776 529 820 572 est
830 523 898 573 mis·

88 609 143 644 sus.
179 593 279 660 ipsein
291 591 461 643 Phoenicem
477 592 634 652 descendit,
655 596 683 640 et
697 589 829 657 oppidum
841 590 899 656 By-

85 662 153 712 blon
165 661 295 710 traditum
313 661 428 726 recepit.
464 659 531 710 lnrle
546 661 580 709 ad
596 658 702 709 Sidona
715 664 827 708 ventum
842 663 899 721 est,

87 729 183 780 urbem
194 735 332 778 vetustate
341 727 472 794 ¹iamque
484 727 658 777 conditorum
673 725 814 776 inclutam.
854 725 898 776 16.

87 796 235 863 Regnabat
243 797 272 846 in
283 810 317 846 ea
328 795 517 857 Strat0,l)arii
528 794 755 860 opibusadiutus:
768 791 818 842 sed
831 793 902 858 quia

89 865 261 916 deditionem
275 865 364 930 magis
380 862 565 928 popularium,
587 877 668 928 quam
679 875 730 911 sua
745 867 845 927 sponte
856 859 901 910 ie-

87 939 180 993 cerat,
199 945 286 996 regno
300 931 375 980 visus
395 931 538 996 indignus:
558 927 816 994 Hephaestionique
836 943 901 994 per-

88 1001 212 1060 missum,
228 1007 266 1059 ut,
288 1012 369 1062 quem
389 1011 422 1046 eo
443 995 558 1063 fastigia
580 996 684 1048 Sidrme
702 997 902 1063 dignissimum

89 1069 281 1123 arbitraretur,
293 1064 479 1114 constitueret
489 1079 593 1130 regem.
622 1066 662 1115 17.
675 1065 759 1114 Erant
769 1062 901 1129 Hephae-

89 1134 174 1186 stioni
188 1131 327 1197 hospites,
342 1131 412 1181 clari
427 1133 500 1182 inter
514 1147 589 1193 suos,
605 1133 732 1182 iuvenes:
751 1132 810 1198 qui,
823 1130 903 1183 iacta

87 1203 156 1268 ipsis
169 1204 308 1265 potestate
320 1199 469 1263 regnandi,
491 1206 663 1266 negaverunt
676 1214 840 1266 quemquam
853 1214 902 1265 pa-

89 1269 144 1319 trio
156 1280 233 1315 more
244 1266 272 1314 in
283 1266 311 1315 id
322 1265 466 1334 fastigium
478 1269 578 1333 recipi,
598 1267 651 1317 nisi
663 1268 743 1334 regia
755 1267 841 1334 stirpe
854 1282 902 1318 or-

88 1341 155 1387 tum.
194 1333 232 1382 18.
245 1334 403 1384 Admiratus
418 1333 591 1400 Hephaestio
609 1335 827 1402 magnitudinem
839 1335 900 1384 ani-

89 1402 136 1462 mi,
159 1403 315 1466 spernentis
336 1401 411 1468 quud
426 1403 473 1452 alii
489 1419 538 1469 per
550 1403 630 1470 ignes
645 1401 804 1469 ferrumque
821 1409 902 1468 petes

90 1475 161 1530 rent,
178 1465 230 1518 Vos
242 1469 345 1534 quidem
355 1469 438 1520 enecti
447 1470 554 1533 virtute,
565 1471 664 1538 inquit,
681 1478 771 1531 estote,
789 1469 902 1538 qaipri-

91 1534 129 1588 mi
136 1534 316 1600 intellexistis,
336 1546 436 1606 quanto
451 1538 535 1590 ratius
550 1547 625 1597 esset,
640 1553 753 1604 regnam
756 1535 901 1606 fastidire,

90 1618 171 1672 qaam
181 1603 310 1670 accipere.
350 1605 473 1657 Ceteram
487 1607 547 1657 date
562 1605 676 1672 aliquem
693 1604 786 1672 regiae
798 1603 901 1670 stirpis,

71 1698 73 1702 ¹
92 1670 139 1740 qai
147 1671 304 1734 nterainerit,
315 1691 331 1726 a
341 1673 414 1724 robis
425 1684 562 1742 acceptam
573 1672 671 1724 babere
680 1687 707 1723 re
717 1687 838 1738 regnam.
860 1674 902 1723 lb.

90 1741 126 1791 At
135 1741 191 1802 ilii,
205 1757 286 1808 quum
299 1744 401 1794 multos
413 1743 555 1793 imminere
566 1748 661 1792 tantae
672 1741 731 1806 spci
743 1747 901 1802 cernerent,

91 1809 209 1876 singulis
224 1811 376 1862 anticorum
391 1811 539 1862 Alexandri
556 1810 591 1860 ob
608 1809 720 1859 nimiam
734 1808 813 1874 regni
825 1809 904 1873 eupi-

91 1875 208 1927 ditatem
220 1878 374 1935 adulantes,
385 1884 518 1938 statuunt,
528 1877 665 1926 neminem
678 1890 740 1926 esse
751 1875 902 1941 potiorem,

94 1959 173 2011 quam
183 1944 395 1996 Abdalonimum
408 1945 558 2011 quendam,
580 1943 665 2010 longa
677 1943 787 2010 quidem
798 1959 904 2010 cogna-

93 2011 170 2062 tione
186 2013 265 2078 stirpi
280 2013 376 2078 regiae
390 2026 539 2071 annexum,
562 2011 612 2060 sed
624 2011 659 2061 ob
671 2012 791 2078 inopiam
803 2011 903 2062 subur-

93 2081 193 2129 banum
205 2077 314 2128 hortum
331 2079 432 2144 exigua
443 2078 581 2128 colentem
592 2079 674 2144 stipe.
711 2082 752 2130 20.
772 2078 865 2130 Causa
875 2082 903 2132 ei

93 2147 274 2212 paupertatis,
291 2145 364 2196 sicut
373 2145 526 2212 plerisque,
540 2146 666 2212 probitas
677 2153 749 2198 erat:
763 2149 905 2198 intentus·

92 2227 147 2280 que
164 2214 242 2279 operi
260 2211 375 2274 diurno,
396 2215 540 2278 strepitum
560 2229 714 2276 armorum,
744 2215 791 2281 qui
811 2220 905 2266 totam

92 2281 186 2329 Asiam
206 2286 400 2340 concusserat,
430 2297 488 2331 non
506 2282 681 2333 exaudiebat.
728 2283 769 2332 tt.
799 2282 904 2334 Subito

94 2347 204 2406 deinde,
217 2347 250 2396 de
264 2347 362 2413 quibus
374 2353 437 2398 ante
447 2349 551 2401 dictum
562 2356 618 2411 est,
634 2365 696 2400 ounn
706 2351 803 2416 regiae
814 2351 905 2401 vestis

94 2412 248 2479 insignibus
263 2411 372 2465 hortum
386 2417 503 2476 intrant,
523 2433 605 2484 quem
621 2416 696 2467 forte
713 2417 824 2467 steriles
839 2415 905 2467 her-

91 2482 142 2530 bas
153 2480 270 2546 eligens,
285 2482 484 2535 Abdalonimus
495 2484 671 2563 repurgabat.
708 2486 749 2534 22.
769 2485 904 2534 Tunore-

92 2563 127 2616 ge
137 2562 171 2598 eo
182 2548 312 2613 salutato,
324 2552 395 2602 alter
406 2567 441 2602 ex
452 2551 507 2602 his:
518 2549 644 2613 Habitat,
653 2552 751 2617 inquit,
759 2550 811 2611 bic,
823 2566 904 2615 qoem

88 2613 178 2666 ,cerne
189 2615 218 2667 ia
228 2617 291 2667 meh
301 2618 431 2680 maniter,
443 2617 562 2669 comisto
572 2619 695 2684 squalore
706 2617 904 2684 pertractandus

89 2682 143 2733 tibi
151 2691 196 2734 est.
220 2683 305 2737 Attae
314 2684 502 2753 carpasiilaoie
513 2685 679 2752 aeternisque
689 2684 809 2735 sordibus
819 2699 902 2750 squa-
