2098 3040
307 179 454 230 LIBER
481 179 517 230 X.
546 183 640 232 CAP.
669 181 693 235 9.
853 183 903 234 413

97 277 195 330 mendi
205 279 307 331 noxios
316 268 422 331 ineunt.
452 281 551 332 Placet
561 284 713 333 exercitum
723 284 813 350 patrio
825 298 904 334 more

98 345 223 397 lustrari.
258 347 295 398 ut
315 347 468 414 probabilis
486 363 572 400 causa
592 348 738 400 videbatur
751 352 905 418 praeterita

97 413 250 465 discordia.
288 417 327 466 12.
346 415 533 468 Macedonum
547 431 630 483 reges
643 417 686 467 ita
694 417 812 470 lustrare
825 421 904 472 soliti

4 523 5 526 ,
95 487 181 531 erant
198 481 314 545 milites,
337 489 367 535 ut
386 484 522 536 discissae
543 484 620 534 canis
637 485 746 534 viscera
760 483 857 538 ultimo
874 489 903 538 in

97 562 211 614 eampo,
230 549 259 600 in
269 566 350 618 quem
365 550 552 603 deduceretur
563 553 718 613 exercitus,
739 551 774 602 ab
784 561 901 620 utraque

96 617 286 669 abiicerentur
303 626 396 686 parte;
424 619 499 670 intro
511 619 540 668 id
555 619 676 685 spatium
691 619 789 669 armati
807 635 901 672 omnes

95 689 213 748 starent,
224 682 288 738 hine
298 687 421 753 equites,
438 686 517 736 illinc
527 684 657 752 phalanx.
695 687 735 736 13.
753 686 852 752 ltaque
866 703 902 740 eo

94 751 157 815 die,
187 766 250 804 uem
260 753 326 804 buic
336 769 417 806 sacro
433 753 654 816 destinaverant,
667 769 719 806 rex
729 767 791 804 oum
804 756 903 832 equiti-

94 767 376 888 ous'dephantisque
391 822 558 872 constiterat
575 828 675 872 eontra
694 821 819 889 pedites,
841 827 902 889 quis

94 886 243 955 Meleager
251 895 390 954 praeerat.
427 890 467 939 14.
486 889 544 939 lam
558 895 688 956 equestre
701 904 799 956 agmen
810 905 903 941 move-

94 953 191 1016 batur,
213 961 242 1006 et
276 957 367 1007 editos
378 955 471 1006 subita
481 956 631 1008 formidine
643 957 678 1006 ob
689 964 831 1008 recentem
847 957 903 1008 dis·

94 1020 236 1084 cordiam,
255 971 332 1074 laud
346 1037 413 1074 sane
427 1025 521 1091 pacati
536 1023 687 1093 quidquam
696 1031 901 1144 exspectantes,
979 1091 983 1098 ι

94 1102 245 1156 parumper
259 1091 472 1154 addubitarem,
495 1107 529 1142 an
548 1094 578 1144 in
599 1093 695 1144 urbem
714 1109 748 1143 su
768 1093 903 1144 ducerent

95 1157 207 1221 copias:
226 1159 327 1226 quippe
338 1174 389 1227 pro
401 1159 541 1225 equitibus
551 1159 683 1224 planities
697 1165 764 1212 erat.
794 1160 834 1212 15.
851 1161 902 1212 Ce-

94 1230 190 1278 terum
200 1226 292 1290 veriti,
303 1242 337 1277 ne
348 1235 454 1278 temere
466 1229 685 1279 commilitonum
695 1228 779 1280 fidem
790 1228 901 1280 damna·

55 1315 60 1328 ι
93 1297 171 1353 rent,
184 1293 346 1356 substitere,
362 1297 536 1362 praeparatis
547 1297 582 1348 ad
593 1296 899 1360 dimicandumanimis,

95 1361 122 1411 si
131 1361 193 1428 quis
204 1363 258 1412 vim
268 1362 394 1416 inferret.
431 1365 487 1414 lam
499 1364 612 1432 agmina
625 1364 752 1427 coibant,
772 1380 900 1432 parrum·

93 1443 149 1495 que
160 1429 337 1482 intervallum
350 1439 422 1495 erat,
439 1432 515 1498 quod
528 1434 618 1483 aciem
630 1439 776 1500 utramque
791 1434 899 1486 diride-

92 1500 147 1546 ret.
184 1497 225 1546 16.
245 1497 341 1562 ltaque
356 1511 408 1548 rex
420 1513 483 1548 cum
496 1515 551 1549 una
565 1499 610 1548 ala
624 1499 788 1566 obequitare
799 1501 899 1566 pediti-

73 1619 76 1624 ,
92 1563 146 1614 bus
157 1563 266 1629 coepit,
281 1564 441 1614 discordiae
452 1571 596 1626 auctores,
615 1580 685 1630 quos
696 1567 771 1615 tueri
780 1567 840 1631 ipse
853 1568 900 1619 de-

90 1628 191 1692 bebat,
211 1631 346 1682 instinctu
360 1629 512 1682 Perdiccae
526 1631 561 1682 ad
575 1631 714 1697 supplicia
729 1632 899 1698 deposcens:

92 1696 306 1765 minabaturque
321 1711 418 1750 omnes
439 1705 544 1749 turmas
564 1713 627 1749 oum
646 1697 803 1763 elephantis
820 1699 901 1752 indu-

93 1771 202 1817 cturum
217 1780 248 1816 se
262 1767 292 1816 in
306 1772 478 1817 recusantes.
516 1767 556 1816 17.
576 1764 731 1832 Stupebant
746 1766 900 1833 improviso

91 1833 167 1884 malo
186 1833 308 1898 peditem
337 1847 389 1886 nec
407 1832 470 1900 plus
489 1832 519 1884 in
536 1835 599 1899 ipso
610 1833 756 1900 Meleagro
772 1840 833 1886 erat
853 1842 902 1888 aut
962 1875 964 1884 ,

92 1899 206 1954 consilii
216 1909 265 1952 aut
275 1903 368 1956 animi.
403 1901 586 1958 Tutissimum
599 1915 635 1952 ex
650 1901 844 1968 praesentibus
862 1907 901 1956 vi·

92 1966 226 2030 debatur,
236 1976 399 2036 exspectare
411 1969 518 2037 potius,
533 1983 614 2037 quam
625 1984 737 2020 movere
747 1968 899 2023 fortunam.

95 2037 137 2087 18.
157 2037 228 2086 Tum
244 2035 391 2098 Perdicca,
417 2043 448 2092 ut
463 2042 608 2103 torpentes
624 2043 653 2088 et
666 2036 805 2090 obnoxios
821 2039 900 2102 vidit,

94 2101 249 2166 ecclesa,
282 2105 311 2154 ui
320 2105 495 2172 Meleagrum
508 2111 698 2171 erumpentem
708 2120 743 2156 ex
753 2107 899 2169 concione,

94 2185 165 2239 quae
175 2171 267 2238 prima
296 2172 372 2223 abita
383 2179 428 2224 est
436 2178 502 2239 post
510 2177 628 2224 mortem
637 2173 798 2237 Alexandri,
809 2177 901 2227 secuti

4 2245 5 2264 1
95 2245 186 2302 erant,
207 2238 337 2292 aceteris
351 2241 503 2304 discretos,
523 2237 682 2308 elephantis
697 2242 726 2292 in
747 2249 900 2309 conspeetu

4 2333 5 2336 ¹
93 2306 181 2358 totius
192 2309 335 2360 exercitus·
348 2307 461 2372 obiicit,
485 2322 637 2376 omnesque
651 2309 810 2362 belluarum
823 2311 899 2379 pedi-

4 2377 5 2444 }
92 2373 145 2426 bus
156 2377 255 2428 obtriti
265 2383 338 2440 sunt,
350 2391 402 2427 nee
412 2373 577 2443 prohibente
590 2375 730 2446 Philippo,
741 2393 793 2432 nee
803 2387 898 2432 aucto-

4 2449 5 2492 ξ
92 2457 139 2493 re:
167 2443 209 2495 19.
231 2445 453 2514 apparebatque,
469 2443 500 2496 id
514 2446 599 2497 modo
614 2461 665 2513 pro
681 2461 732 2498 suo
744 2446 898 2499 vindicatu-

92 2525 166 2572 rum,
183 2513 257 2578 quod
273 2513 458 2581 approbasset
471 2520 596 2564 eventus.
632 2513 697 2566 Hoc
710 2513 850 2568 bellorum
861 2517 898 2566 ei-

92 2577 189 2629 vilium
207 2579 423 2640 Macedonibus,
437 2586 467 2632 et
490 2595 571 2632 omen
598 2590 627 2633 et
648 2582 815 2650 principium
834 2581 897 2634 fuit.

92 2647 134 2696 211.
152 2646 306 2716 Meleager,
317 2665 381 2702 sero
392 2649 539 2702 intellecta
548 2650 647 2702 fraude
660 2649 826 2716 Perdiccae,
840 2657 898 2704 tum

92 2713 219 2782 quidem,
239 2717 306 2783 quia
320 2717 408 2785 ipsius
423 2719 536 2787 corpori
550 2721 591 2772 vis
602 2735 656 2770 non
667 2717 850 2784 afferebatur,
869 2721 897 2770 in
