2036 3030
196 242 540 294 sar’PLeman'r'ra.
560 243 636 296 LlB.
657 244 675 294 l.
696 242 783 294 CAP.
802 243 827 292 5.
842 243 865 292 6.
901 245 932 294 ²1

127 346 228 396 rirrrum
240 345 311 412 apud
323 345 398 396 cives
409 363 476 396 suus
488 352 627 412 poteraut,
639 344 790 398 Thebanos
800 349 828 396 in
839 348 932 397 aunci-

128 415 170 464 tia
177 413 362 464 Macedonum
374 413 521 464 continuit.
556 413 598 464 24.
617 413 768 479 Ratusque,
780 413 805 464 si
816 428 878 466 cum
888 429 932 464 so-

128 481 163 530 lis
174 477 388 531 Atheniensibus
401 479 496 532 futura
505 495 552 531 res
567 487 654 541 esset,
670 479 754 532 facile
766 497 797 532 se
807 483 933 548 superio-

129 562 187 598 rem
202 546 276 609 fore,
294 547 373 599 victis
384 548 419 598 ad
428 547 603 614 Amphissam
613 546 713 599 Locris
726 563 877 614 eorumque
887 557 932 599 so:

129 615 194 678 ciis;
210 616 237 666 in
248 613 400 666 Phocidem
413 618 513 684 raptim
524 616 608 668 ducta
619 617 738 682 agmine,
754 616 891 679 Elateam,
903 615 933 667 fr·

129 683 209 735 nibus
219 680 415 734 Thebanorum
426 684 509 734 simul
518 683 781 750 Atheniensiumque
790 684 933 734 imminen-

127 759 197 813 tem,
214 758 344 818 occupat,
360 751 547 819 impositoque
563 749 713 818 praesidio,
732 751 851 802 velut'in
864 751 933 802 belli

128 819 236 880 sedent,
257 818 389 884 operibus
404 819 500 869 munit.
535 818 577 868 25.
596 817 664 869 Eius
674 818 715 868 rei
726 818 837 868 nuntius
848 827 934 868 noctu

127 884 249 937 Athenas
259 885 384 953 perlatus
394 892 473 939 tanta
488 885 674 953 trepidatione
690 885 786 936 urbem
800 885 933 952 implevit,

129 959 250 1021 utquam
261 953 349 1019 primo
361 953 484 1005 diluenlo
494 954 613 1022 populus
625 955 655 1006 in
670 953 835 1004 concionem
844 954 935 1004 venis·

128 1027 182 1082 set,
193 1021 328 1070 invitante
341 1034 375 1072 ex
385 1036 462 1072 mare
472 1037 620 1088 praecone,
635 1023 683 1088 qui
693 1021 816 1072 salutare
827 1023 934 1086 patriae

129 1080 279 1138 consilium
290 1085 414 1151 haberet,
426 1091 466 1141 uti
479 1089 600 1152 diceret,
611 1103 692 1140 nemo
705 1089 874 1140 surrexerit:
892 1087 935 1138 26.

130 1155 221 1206 donec
232 1153 445 1219 Demosthenes,
456 1159 641 1224 congruentia
649 1157 770 1224 tempori
783 1157 935 1217 disserens,

128 1225 315 1289 persuasit,at
324 1239 340 1274 e
350 1225 470 1291 vestigio
483 1226 582 1276 classis
593 1231 622 1276 et
632 1224 772 1288 exercitus
785 1225 935 1276 educeren-

127 1299 188 1353 tur;
207 1296 236 1340 et
244 1290 332 1359 legati
342 1298 400 1342 tum
412 1293 447 1344 ad
462 1300 572 1345 ceteros
583 1291 721 1355 Graecos,
737 1298 796 1344 tum
809 1291 935 1360 inprimis

128 1357 164 1408 ad
183 1356 333 1410 Thebanos
353 1361 538 1411 mitterentur.
574 1359 605 1410 ln
621 1358 692 1411 hanc
707 1361 873 1412 sententiam
889 1360 936 1410 de·

129 1433 207 1476 creto
222 1425 310 1488 facto,
330 1424 435 1479 Chares
449 1433 477 1478 et
488 1427 618 1495 Lysiclcs
633 1429 775 1495 copiarum
788 1428 936 1493 imperato·

128 1508 174 1544 res
185 1494 343 1558 constituti,
354 1493 559 1546 Demosthenes
573 1495 724 1562 legationis
739 1495 775 1546 ad
785 1493 936 1546 Thebanus

128 1562 258 1628 princeps
277 1562 319 1614 ira
340 1562 433 1614 iussus
453 1569 504 1614 est.
540 1564 581 1614 2¹1.
600 1562 663 1614 Non
681 1562 824 1615 fefellerat
840 1577 874 1613 ea
890 1577 936 1612 res

127 1627 294 1679 Macedonis
304 1629 474 1692 sollertiam,
489 1631 613 1697 satisque
624 1630 823 1698 prospiciebat,
834 1634 938 1696 quanta

128 1695 198 1746 belli
209 1695 298 1746 moles
314 1697 422 1747 oritura
435 1703 523 1759 esset,
538 1699 562 1748 si
576 1699 650 1750 inter
661 1701 733 1749 istos
749 1698 867 1765 populos
878 1696 937 1746 foe-

130 1763 182 1813 dus
199 1762 401 1816 convenisset..
422 1763 465 1814 28.
485 1764 593 1831 Quippe
605 1763 818 1815 Atheniensium
838 1763 936 1814 civitas

129 1837 196 1886 tunc
210 1830 295 1882 etiam
309 1830 409 1897 opibus
423 1837 453 1882 et
466 1833 634 1882 auctoritate
649 1832 717 1881 satis
731 1830 869 1897 pollebat3
886 1845 936 1879 nec

129 1896 328 1949 Thebanorum
338 1906 387 1950 aut
396 1899 523 1966 potentia
533 1899 737 1950 contemnenda
746 1903 870 1959 erat‚aut
880 1898 937 1963 opi-

129 1967 192 2016 nio:
217 1967 335 2018 necdum
353 1967 518 2019 exoleverat
540 1967 674 2018 memoria
700 1965 867 2017 Leuctricae
884 1979 936 2030 pu-

130 2047 216 2098 gnae,
236 2049 292 2100 qna
303 2035 391 2102 princi
411 2042 486 2086 atum
499 2034 636 2086 Graecias
647 2034 880 2086 Lacedaemoniis
891 2045 936 2082 ex-

129 2108 279 2152 torserant.
324 2100 365 2152 29.
385 2051 474 2170 lpgitur
495 2110 526 2154 ut
545 2112 574 2153 et
597 2103 738 2154 sociorum
760 2101 937 2152 confirmaret

130 2169 248 2230 animos,
259 2175 287 2220 et
297 2169 424 2221 diversae
434 2168 567 2222 factionis
579 2170 799 2222 machinationes
809 2183 936 2237 praever-

128 2242 211 2297 teret,
226 2237 372 2302 Amyntam
390 2244 419 2289 et
432 2237 598 2290 Clearchurn
614 2238 787 2290 Macedonas
802 2252 836 2288 eo
851 2238 936 2295 misit,

129 2304 237 2367 addito,
248 2304 327 2355 cuius
338 2305 516 2372 eloquentiae
527 2307 673 2372 plurimum
685 2304 936 2372 fidebat‚Pythone
986 2353 990 2362 ,

128 2371 281 2450 Byzantio:
299 2387 381 2438 quem
395 2375 424 2424 in
440 2375 560 2426 concilio
572 2373 744 2424 Boeotorum
758 2374 799 2425 ita
811 2373 937 2424 locutum

130 2452 195 2490 acce
215 2454 300 2490 rmus=

205 2505 226 2557 l.
245 2505 277 2558 aa·
289 2505 414 2574 Philippo
434 2507 463 2558 ia
475 2505 636 2559 Macedonia
652 2506 795 2569 desidente,
809 2507 935 2558 Elateam

130 2571 298 2624 Atheniensis
312 2575 444 2626 exercitas
457 2573 577 2636 haberet,
598 2590 683 2642 nepae
698 2575 771 2626 cobis
786 2576 867 2625 allam
878 2589 935 2623 cam

130 2639 324 2759 regedsaederis
338 2650 387 2692 aat
398 2641 535 2694 amicitiae
547 2640 589 2693 iar
607 2650 686 2694 estet:
705 2651 794 2693 tamen
814 2640 937 2691 dubitare

128 2723 183 2758 aaa
212 2707 283 2769 clleo,
296 2708 359 2776 qaia
368 2707 439 2760 illias
449 2709 603 2761 sacietatem
614 2710 703 2761 essetis
715 2707 843 2776 optaturi.
871 2706 936 2780 Qrtis

129 2773 290 2838 miraillara,
306 2776 522 2845 taatapoteatic,
537 2776 671 2844 tantaque
683 2775 861 2842 rebasgettir,
876 2773 936 2822 cicr-

937 2950 956 2998 1

962 2908 996 2944 Α
1016 2907 1017 2958 l
