2048 3034
282 160 451 242 ‘curer
478 191 524 244 ιν.
554 193 646 244 cnr.
678 195 717 244 ra.
739 193 778 244 14.
895 193 944 245 rto

139 298 229 344 ceant.
265 292 306 344 38.
326 292 455 344 Ceterum
474 292 632 346 hortantem
651 295 790 346 exercitus
810 295 944 346 exaudire

137 375 194 412 non
205 364 324 425 poterat,
335 376 414 410 usum
425 361 533 414 aurium
545 361 741 427 intercipiente
751 361 864 414 fremitu
875 363 944 414 duo-

138 443 200 478 rum
220 427 372 494 agminum:
392 428 441 479 sed
458 429 488 478 in
505 431 798 496 eonspectuomnium,
818 430 904 482 duces
915 437 945 482 et

139 495 294 561 proximum
304 509 441 563 quemque
451 497 655 564 interequitans
666 494 874 563 alloquebatur:

191 560 264 613 xlv.
284 563 432 625 „Emensis
442 569 486 614 tot
495 571 586 614 terras
600 565 629 614 in
644 577 720 630 spem
742 565 885 630 victoriae,
908 565 942 617 de

139 644 194 696 qua
213 628 398 682 dimicandum
416 629 500 692 foret,
521 629 576 682 hoc
594 645 678 681 unum
689 645 836 696 superesse
847 633 943 685 discri-

139 711 210 748 men.
247 695 398 750 Granicum
408 695 454 749 hic
464 713 582 760 amnem,
603 696 775 764 Ciliciaeque
785 705 903 760 montes,
915 707 944 750 et

138 763 247 832 Syriam
257 765 470 832 Aegyptumque
480 764 724 831 praetereuntibus
734 770 837 829 raptas,
847 765 943 833 ingen-

135 831 176 883 tia
186 833 247 898 spei
267 832 432 898 gloriaeque
451 833 641 894 incitamenta,
660 830 811 882 referebat.
847 835 872 883 2.
891 833 943 884 lie·

135 897 294 966 prehensos
315 914 351 950 ex
372 897 553 966 iugaFersas
563 905 745 966 pugnaturos,
769 898 944 966 quiaiugere

134 981 192 1016 non
212 971 337 1032 possent.
371 967 501 1017 Tertium
520 965 592 1018 diem
612 967 666 1016 iarn
685 973 761 1018 metu
775 981 943 1034 exsangues,

133 1033 221 1084 armis
232 1032 291 1083 suis
303 1039 444 1094 oneratos,
455 1033 484 1083 in
495 1032 594 1086 eodem
605 1035 727 1102 vestigio
738 1033 864 1085 haerere.
876 1033 944 1086 Nul·
1019 1043 1020 1048 ’

132 1102 194 1151 lum
204 1098 408 1216 desperationis
419 1099 532 1152 illorum
542 1101 630 1152 maius
640 1102 772 1153 indicium
782 1117 855 1163 esse,
862 1116 944 1169 quarn

135 1167 213 1233 quod
226 1181 258 1216 ur
279 1181 318 1229 es,
357 1167 507 1237 uodagros
518 1182 586 1220 suos
596 1177 719 1232 urerent,
738 1169 872 1237 quidquid
885 1185 943 1220 non

134 1235 336 1300 corrupissent,
368 1235 469 1287 ostium
480 1251 543 1288 esse
554 1237 685 1288 confessi.
715 1237 739 1289 3.
753 1237 874 1288 Nomina
883 1252 942 1288 mo-

132 1301 172 1354 do
184 1302 406 1369 vanagcntinmi
448 1310 556 1362 otarum
571 1319 606 1356 ne
626 1305 850 1356 extimescerent.
872 1303 941 1357 'Ne·
1019 1343 1020 1346 η

152 1384 188 1421 ue
199 1370 271 1421 enim
282 1370 316 1421 ad
326 1370 394 1423 belli
423 1371 553 1423 iscrimen
563 1371 712 1438 pertinere,
722 1373 769 1439 qui
779 1372 814 1424 ab
823 1371 941 1439 lissey·
993 1411 996 1422 .

129 1445 144 1488 t
166 1451 209 1499 ee,
220 1438 301 1504 quive
313 1437 424 1489 Cadusii
437 1438 654 1507 appellarentur.
667 1440 709 1492 oh
719 1440 855 1508 idipsum,
864 1440 940 1508 quod

128 1505 223 1586 ignoti
235 1512 339 1568 essent,
355 1505 495 1573 ignobiles
507 1521 579 1559 esse.
614 1508 639 1556 4.
653 1501 805 1574 ,Nunquam
814 1508 941 1574 ignorari

128 1587 210 1624 viros
221 1570 323 1624 fortes:
345 1578 374 1623 at
384 1573 521 1640 imbelles,
543 1589 578 1626 ex
587 1574 702 1625 latebris
714 1575 772 1625 suis
783 1582 889 1637 erutos,
899 1576 940 1625 ni·

129 1639 173 1691 hil
184 1645 297 1707 praeter
305 1641 417 1691 nomina
428 1639 539 1691 afferre.
575 1640 745 1693 Macedones
753 1641 855 1692 virtute
864 1655 939 1692 assc-

132 1714 224 1769 cutos,
245 1706 352 1775 neqdis
362 1713 424 1757 toto
436 1706 504 1757 orbe
513 1708 594 1758 locus
606 1715 690 1768 esset,
710 1710 758 1773 qui
776 1708 848 1758 tales
862 1708 940 1758 viros

128 1779 286 1842 ignoraret.
328 1773 353 1824 5.
372 1774 549 1824 lntuerentur
567 1774 748 1824 barbarorum
767 1773 940 1824 inconditum

130 1856 246 1910 agmen:
266 1842 352 1893 aliurn
363 1840 434 1891 nihil
445 1847 557 1908 practer
575 1841 696 1892 iaculum
717 1839 833 1904 habere3
854 1839 939 1891 alium
1019 1847 1020 1854 ’

130 1910 220 1961 funda
231 1925 300 1961 saxa
309 1909 426 1960 librare:
445 1910 542 1976 paucis
563 1909 638 1959 iusta
655 1923 731 1959 arnna
751 1922 824 1959 esse.
841 1908 883 1957 lta
903 1923 938 1958 ue

129 1977 412 2044 illincplnresstare:
433 1975 498 2028 hinc
509 1977 602 2044 plures
613 1975 803 2028 dimicaturos.
837 1974 860 2025 6.
879 1923 938 2025 [zac

128 2045 276 2112 postulare
295 2059 339 2107 se,
357 2051 389 2096 ut
408 2042 523 2096 fortiter
541 2051 722 2112 capesserent
739 2044 887 2110 proelium,
908 2045 937 2093 ni

128 2116 193 2182 ipsc
210 2113 311 2163 ceteris
326 2112 500 2164 fortitudinis
511 2110 612 2164 luisset
623 2112 789 2180 exemplum.
825 2109 861 2162 Se
872 2116 936 2162 ante

128 2181 311 2247 primasigna
334 2180 535 2232 dimicaturum.
573 2179 717 2247 Spondere
737 2193 788 2245 pro
808 2192 848 2258 se,
868 2185 937 2244 quoi

129 2247 288 2309 cicatrices,
308 2247 425 2298 totidem
446 2247 573 2314 corporis
593 2249 707 2300 decora:
726 2247 800 2296 scire
811 2261 896 2313 ipsos,
906 2263 936 2297 u·
1019 2255 1020 2258 ’

128 2331 195 2366 nurn
206 2329 294 2380 paene
305 2329 335 2365 se
346 2313 466 2382 praedae
487 2317 639 2366 communis
654 2320 810 2376 exsortem,
830 2314 857 2364 in
877 2314 935 2365 illis

128 2382 258 2434 colendis
271 2383 457 2449 ornandisque
469 2397 601 2450 usurpare
613 2383 748 2434 victorine
759 2382 889 2447 praemia.
907 2383 933 2432 ἵ.

125 2450 210 2502 Haec
219 2457 250 2500 'se
261 2448 382 2501 fortibus
393 2451 460 2501 viris
471 2450 573 2501 dicere.
610 2449 638 2502 Si
652 2451 699 2517 qui
716 2449 866 2502 dissimiles
887 2461 935 2500 eo·

126 2532 191 2568 rum
202 2523 305 2579 essent,
316 2515 463 2570 illefonse
475 2518 623 2569 dicturum:
635 2519 794 2584 pervenisse
806 2533 850 2580 eo,
861 2517 935 2570 unde

125 2585 228 2653 fugere
240 2602 294 2635 non
306 2593 429 2652 possent.
465 2585 672 2637 ‘l'otterrarum
692 2586 782 2653 spatia
802 2586 934 2648 emensis,

124 2662 172 2705 tot
182 2668 224 2704 am
229 2651 309 2703 nibus
319 2654 515 2721 montibusque
525 2661 590 2721 post
600 2661 708 2722 tergum
731 2654 859 2714 obiectis,
878 2652 935 2702 iter

123 2725 155 2774 in
167 2721 287 2788 patriam
300 2727 329 2770 et
341 2727 457 2788 penates
476 2737 559 2773 manu
579 2736 642 2772 esse
661 2721 852 2840 facifflum'“
887 2717 934 2770 Sic
