2082 3042
109 209 159 260 reo
324 205 496 268 qururr
524 206 692 275 ouarrr

44 371 46 376 Ι
109 321 253 376 expresso,
263 306 336 358 haud
349 323 430 359 secus
441 323 522 374 quam
533 309 606 370 oleo,
620 316 696 359 artus
706 308 909 375 perungebant.

109 377 164 428 sed
186 373 267 426 huius
287 377 364 426 succi
385 375 500 426 ducenis
515 376 701 443 quadragenis
716 375 838 427 denariis
852 390 910 425 am·

106 443 212 510 phorae
232 442 372 508 singulae;
392 443 493 504 mellis,
515 443 637 494 denariis
651 445 772 494 trecenis
786 457 912 510 nonage-

106 511 162 574 nis;
182 513 304 563 trecenis
321 510 378 559 vini
389 511 613 560 aestimabantur.
649 510 750 561 Tritici
761 508 838 571 nihil,
861 515 911 560 aut

107 577 254 628 admodum
274 577 405 644 exiguum
423 577 621 643 reperiebatur.
666 578 708 628 24.
729 577 807 628 Siros
826 592 911 626 voca

105 645 173 696 baut
183 644 305 706 barbari,
325 660 395 711 quos
405 645 446 694 ita
456 645 587 695 sollerter
596 644 779 706 abscondunt,
799 650 839 706 ut,
854 643 912 695 nisi

126 712 154 764 ui
166 711 342 775 defoderunt,
353 712 478 762 invenire
488 727 544 762 non
554 713 672 778 possint.
691 713 722 761 ln
731 712 766 761 iis
778 711 910 762 conditae

105 729 203 847 pruges
222 787 310 830 erant.
344 779 375 829 ln
395 794 509 846 quarum
527 781 643 847 penuria
661 779 763 829 milites
779 777 912 830 fluviatili

104 849 183 914 pisce
195 853 223 898 et
231 844 325 898 herbis
335 847 551 899 sustinebantur.
586 846 627 897 25.
644 846 756 912 lamque
767 843 836 896 haec
847 847 912 912 ipsa

106 914 239 965 alimenta
260 912 435 978 defecerant3
457 929 539 980 quum
557 914 687 974 iumenta,
708 913 807 980 quibus
822 927 912 964 onera

105 981 264 1048 portabant,
279 981 397 1034 caedere
406 982 476 1032 iussi
486 987 560 1033 sunt:
581 979 678 1031 borum
689 994 782 1042 earne,
801 979 866 1030 dum
880 981 912 1030 in

105 1048 271 1100 Bactrianos
281 1054 452 1114 perventum,
473 1055 583 1100 traxere
593 1049 686 1099 vitam.
722 1047 764 1098 26.
782 1046 910 1097 Bactria-

106 1131 159 1167 nae
169 1122 261 1166 terrae
272 1115 417 1181 multiplex
427 1122 456 1166 et
465 1117 543 1166 varia
553 1122 653 1166 natura
663 1122 714 1166 est.
750 1114 824 1165 Alibi
840 1114 910 1165 mul·

106 1190 136 1233 ta
146 1182 231 1234 arbor
241 1187 270 1232 et
280 1181 345 1232 vitis
355 1183 451 1250 largos
461 1184 598 1250 mitesque
613 1182 720 1234 fructus
734 1182 795 1232 alit:
816 1181 910 1233 solum

105 1251 208 1317 pingue
220 1248 311 1298 crebri
320 1247 414 1299 fontes
426 1251 530 1316 rigant:
552 1265 622 1316 quae
633 1251 745 1300 mitiora
758 1256 831 1311 suut,
851 1247 909 1299 sru-

105 1320 199 1366 mento
220 1321 411 1377 conseruntur,
432 1323 526 1366 cetera
545 1325 730 1368 armentorum
746 1316 910 1382 pabuloce·

106 1384 183 1433 dunt.
219 1381 529 1448 restagnantem
549 1391 656 1450 partem
677 1385 802 1435 eiusdem
814 1389 909 1436 terrae

106 1447 219 1501 steriles
230 1463 330 1500 arenae
342 1455 450 1500 tenent:
470 1450 597 1517 squalida
611 1453 737 1503 siccitate
752 1451 833 1518 regio
853 1467 910 1504 non

106 1515 255 1579 hominem,
267 1531 322 1566 non
332 1515 442 1584 frugem
451 1517 513 1568 alit:
528 1534 610 1585 quum
620 1534 687 1570 vero
700 1521 776 1570 nenti
786 1534 802 1568 a
812 1517 911 1569 Ponti-

107 1599 140 1636 co
152 1585 221 1635 mari
233 1585 348 1652 spirant,
355 1587 488 1652 quidquid
500 1587 591 1637 sabuli
601 1587 628 1636 in
640 1589 744 1653 campis
754 1587 838 1648 iacet,
844 1601 910 1637 oon-

105 1659 228 1703 verrunt.
265 1651 348 1713 Quod
357 1653 405 1704 ubi
415 1654 582 1705 cumulatum
594 1661 650 1716 est,
669 1663 833 1721 magnorum·
852 1655 911 1704 col·

105 1719 174 1771 lium
192 1720 291 1786 procul
307 1721 416 1786 species
436 1727 488 1784 est,
504 1723 655 1788 omniaque
674 1722 785 1787 pristini
797 1720 910 1774 itineris

47 1821 48 1824 κ
106 1787 228 1854 vestigia
246 1789 394 1839 intereunt.
428 1789 470 1840 28.
488 1789 584 1855 ltaque
605 1789 652 1855 qui
669 1794 814 1840 transeunt
838 1803 911 1839 cam-

106 1869 168 1921 pos,
188 1856 376 1923 naugantlum
390 1857 474 1908 modo
489 1864 573 1908 noctu
590 1857 683 1907 sidera
694 1858 853 1919 observant,
874 1856 911 1906 ad

107 1937 224 1988 quorum
235 1937 345 1974 cursum
354 1923 410 1974 iter
420 1925 552 1990 dirigunt,
560 1928 588 1974 et
596 1923 796 1990 propemodum
806 1923 911 1973 olarior

107 1996 151 2041 est
169 1991 260 2041 noctis
279 1991 385 2052 umbra,
405 2006 485 2057 quam
499 1991 556 2041 lux.
590 1989 631 2042 29.
650 1991 725 2057 Ergo
736 1990 861 2041 interdiu
871 1991 912 2040 in·

107 2059 153 2107 via
167 2064 211 2108 est
222 2057 312 2124 regio,
332 2059 397 2123 quia
410 2071 461 2106 nec
477 2057 634 2124 vestigium,
655 2058 729 2124 quod
748 2063 911 2124 sequantur,

106 2125 262 2187 inveniunt3
292 2128 321 2174 et
340 2124 415 2174 nitor
434 2123 555 2174 siderum
575 2126 695 2193 caligine
720 2125 915 2176 absconditur.

109 2192 239 2242 Ceterum
250 2192 354 2258 siquos
365 2190 414 2240 ille
424 2197 535 2252 ventus,
548 2193 595 2258 qui
606 2208 624 2243 a
632 2193 702 2244 mari
712 2194 853 2254 exoritur,
865 2193 912 2243 de-

107 2256 265 2325 prehendit,
286 2271 371 2307 arena
390 2258 491 2308 obruit.
526 2259 568 2310 30.
588 2259 644 2311 Sed
659 2275 713 2327 que
724 2261 821 2310 mitior
835 2267 914 2310 terra

109 2331 161 2386 est,
181 2326 279 2390 ingens
294 2321 434 2374 hominum
450 2340 637 2394 equorumque
651 2326 799 2378 multitudo
820 2327 914 2394 gigni-

107 2401 161 2444 tur.
193 2389 310 2458 [ltaque
319 2391 462 2444 Bactriani
474 2395 582 2460 equites
593 2395 673 2446 XXX
683 2395 772 2444 millia
783 2393 916 2460 explere·

107 2455 194 2526 rant]
222 2459 263 2509 31.
274 2459 339 2525 lpsa
348 2459 461 2523 Bactra,
471 2461 596 2528 regionis
608 2463 668 2513 eius
679 2469 771 2528 caput,
782 2463 838 2512 sita
848 2469 915 2512 sunt

108 2527 272 2578 submonte
293 2526 481 2593 Parapamiso.
519 2528 637 2580 Bactrus
662 2529 750 2580 amnis
774 2529 916 2594 praeterit

107 2595 227 2646 moenia.
262 2593 289 2643 Is
309 2595 371 2644 urbi
392 2601 420 2646 et
433 2595 543 2662 regioni
560 2595 638 2646 dedit
650 2611 758 2648 nomen.
794 2596 836 2645 32.
857 2595 915 2646 Hic

108 2663 170 2727 regi
180 2661 282 2712 stativa
296 2659 409 2712 habenti
428 2664 569 2714 nuntiatur
586 2677 620 2713 ex
637 2663 756 2715 Graecia
773 2663 915 2729 Pelopon-

108 2721 235 2779 riensium
246 2727 444 2796 Laconumque
455 2728 587 2780 defectio.
623 2729 750 2781 Nondum
762 2733 836 2782 enirn
847 2731 917 2782 victi
