2054 3030
147 151 197 206 loo
368 146 539 210 uurer
566 143 733 197 GURTII

144 256 199 302 ten,
214 249 367 292 oceidiiobst.
395 252 417 292 8.
431 247 500 291 Darii
508 249 563 290 ants
573 257 673 303 pugnarn
681 241 789 288 eoncilia:
803 246 853 286 tum
863 245 967 288 exerei-

145 327 182 367 tos
197 321 287 366 Persici
302 320 467 372 consternatio,
486 320 607 377 proximae
621 316 784 360 internecionis
798 316 964 370 praesagium.

144 399 167 440 9·
187 394 311 450 Utrimque
320 394 379 438 aciei
389 393 522 450 descriptio·
546 395 580 434 1⁰.
596 389 726 434 Alexandri
735 389 810 432 oratio
818 387 849 430 ad
859 386 963 433 milites.

146 472 181 512 ss.
195 467 277 521 Pugno
289 469 320 511 ad
332 466 412 518 Isson,
422 463 447 510 in
461 476 505 520 qua
518 467 615 508 eenmna
628 459 702 505 millia
716 461 820 517 peditum
834 473 863 507 aa
873 461 960 506 decen

145 539 218 584 millia
228 542 328 596 equiturn
337 541 462 585 Passenni
476 536 617 586 occumbunt,
632 533 728 590 reliquis
738 534 797 577 iuria
806 533 959 588 fugatisque.

146 616 180 656 12.
194 611 278 660 Matris
288 619 312 657 et
320 611 480 660 auctionarii,
491 622 533 653 nee
542 621 588 652 non
597 606 692 650 aliarum
704 606 853 661 captivarum,
864 603 960 650 loetum

145 685 208 731 lavat
217 685 360 731 Alexander·
390 687 424 728 18·
439 683 507 726 Darii
521 693 601 737 garam
610 682 741 724 immensum
752 692 801 721 cunr
810 679 902 732 ingenti
912 693 959 722 no·

145 759 224 804 biliam
234 773 326 803 numero
336 759 469 815 praefactus
480 755 589 800 Damasei
599 751 747 797 Parmenioni
756 752 837 795 tradit.

194 918 215 970 l.
235 885 319 970 Inter
328 917 397 970 haec
406 918 573 981 Alexander,
587 917 623 968 ad
632 916 842 968 conducendum
852 931 890 968 ex
899 915 956 968 Pe-

144 987 300 1056 loponneso
310 986 427 1038 militem
437 985 575 1038 Cleandro
588 999 649 1035 cum
657 986 776 1050 pecunia
786 985 885 1046 misso,
895 983 957 1051 Ly·

145 1055 206 1106 uiae
216 1051 443 1119 Pamphiliaaque
457 1052 544 1103 rebus
553 1051 727 1117 compositis,
742 1051 777 1102 ad
789 1052 888 1103 urbem
900 1051 957 1103 Ce-

143 1121 240 1172 laenas
254 1121 406 1171 exercitum
425 1119 557 1170 admovit.
592 1120 616 1170 2.
634 1117 757 1170 Mediam
776 1119 826 1168 illa
845 1123 957 1186 tempe-

144 1193 218 1238 state
228 1184 407 1238 interfluebat
418 1185 547 1252 Marsyas
561 1186 664 1248 amnis,
678 1184 815 1238 fabulosis
827 1184 958 1239 Graeco·
1017 1223 1018 1226 η

144 1268 204 1304 rum
224 1251 391 1304 carminibus
410 1253 542 1320 inclytus.
578 1251 602 1302 3.
621 1252 696 1303 Fons
718 1254 777 1304 eius
793 1268 827 1304 ex
841 1269 957 1306 summo

144 1319 248 1370 montis
259 1320 400 1372 cacumine
412 1334 571 1381 accurens,
582 1321 611 1370 in
618 1319 770 1371 subiectam
776 1327 886 1386 petram
895 1337 958 1372 ma-

145 1400 201 1454 gno
211 1387 330 1453 strepitu
340 1399 472 1454 aquarum
487 1387 574 1438 cadit:
593 1387 659 1438 inde
672 1385 790 1438 diffusus
805 1388 958 1440 circumic-

143 1457 206 1504 otos
221 1455 295 1521 rigat
309 1469 430 1521 campos,
450 1455 571 1522 liquidus
586 1461 616 1506 et
630 1470 694 1506 suos
706 1454 850 1506 dumtaxat
861 1455 958 1508 undas

143 1518 266 1572 trahens.
301 1521 326 1571 4.
346 1521 442 1589 itaque
456 1523 536 1572 color
549 1522 609 1572 eius
622 1521 734 1588 placido
755 1523 824 1572 mari
839 1522 958 1588 similis,

142 1585 237 1638 locum
246 1591 391 1654 poetarum
400 1589 545 1640 mendacio
556 1587 638 1640 iecit:
650 1589 751 1656 quippe
757 1588 893 1640 traditum
900 1599 958 1655 est,
1016 1639 1017 1650 ,

143 1653 291 1722 nymphas,
309 1671 403 1708 amore
414 1657 502 1708 amnis
516 1661 655 1720 retentas,
668 1656 697 1706 in
710 1656 760 1706 illa
775 1671 844 1736 rupe
860 1660 959 1708 consi·
1016 1687 1017 1749 p

144 1722 222 1775 dere.
256 1722 281 1774 5.
293 1725 422 1776 Ceterum
432 1739 514 1791 quam
524 1725 573 1775 diu
582 1725 656 1774 intra
664 1737 759 1774 muros
769 1721 839 1784 flurt,
849 1739 958 1777 nomen

144 1807 224 1842 suum
237 1791 354 1844 retinet:
374 1798 402 1843 at
421 1807 504 1859 quum
519 1798 599 1843 extra
612 1791 782 1842 munimento
792 1805 824 1842 ae
835 1791 957 1856 evolvit,

143 1859 249 1910 maiore
264 1860 291 1910 vi
304 1875 337 1912 ac
351 1860 426 1911 mole
443 1865 573 1927 agentem
582 1858 669 1909 undas
679 1857 787 1925 Lycum
797 1858 955 1926 appellent.

144 1925 168 1976 d.
185 1925 343 1977 Alexander
354 1926 464 1996 quidem
475 1926 571 1977 urbem
582 1925 744 1976 destitutam
754 1940 771 1976 a
780 1925 839 1976 suis
850 1926 955 1978 intrat:

144 2004 325 2055 moerorem,
342 1995 373 2044 in
388 2007 468 2060 quam
484 1991 677 2060 confugerant,
692 2006 853 2060 oppugnare
869 1993 957 2044 ador-

144 2067 198 2123 tus,
210 2059 423 2111 caduceatorem
432 2061 584 2128 praemisit,
600 2061 647 2128 qui
656 2059 843 2123 denuntiarat,
863 2062 894 2111 oi
906 2061 957 2112 do·

145 2127 252 2189 dereot,
266 2127 344 2193 ipsos
354 2126 452 2178 ultima
467 2142 530 2179 essa
545 2143 687 2194 passuros.
722 2128 748 2178 i.
758 2126 956 2179 lllicaducea·

144 2199 235 2246 torem
244 2195 273 2244 in
282 2195 390 2258 turrim,
401 2201 430 2246 et
439 2197 495 2248 situ
506 2202 534 2246 et
544 2210 628 2262 opere
639 2195 755 2246 multum
766 2194 879 2258 editam,
890 2210 957 2262 per·

143 2262 267 2324 ductum,
278 2267 380 2329 quanta
390 2269 466 2315 esset
475 2255 711 2326 altitndd,intueri
721 2262 827 2324 iubent,
839 2275 873 2314 ac
882 2279 955 2315 nun-

142 2328 215 2378 tiare
225 2328 397 2393 Alexandro,
417 2345 473 2383 non
489 2331 587 2382 eadem
601 2331 692 2396 ipsum
706 2336 734 2380 et
743 2330 853 2381 incolas
865 2332 954 2381 aesti-

143 2395 266 2446 matione
283 2400 452 2449 munimenta
467 2399 572 2450 metiri:
592 2411 623 2449 se
634 2398 707 2449 scire
717 2399 762 2448 ine
800 2397 953 2465 ugnabiles

143 2475 217 2524 ese;
229 2462 264 2512 ad
273 2463 408 2527 ultimum,
420 2481 469 2533 pro
481 2466 535 2517 iide
545 2468 704 2516 morituros.
740 2466 764 2515 8.
800 2471 908 2516 eterurn
920 2471 955 2516 ut

143 2530 336 2582 circumsideri
351 2547 443 2583 arcem
453 2540 483 2584 et
493 2533 586 2583 omnia
595 2531 649 2584 sibi
658 2533 688 2582 io
698 2531 758 2583 dies
767 2533 874 2585 artiora
884 2547 952 2584 esse

142 2598 674 2666 viderunt,sexagintadieruminduciae
685 2601 953 2666 pacti,ut,nisiintra

143 2679 194 2717 eos
205 2667 338 2719 auxilium
349 2667 451 2718 Darius
461 2667 531 2734 ipsis
542 2667 673 2730 misisset,
694 2667 828 2719 dederent
838 2668 951 2719 urbem:
