2082 3042
117 196 166 246 aaa
333 189 503 252 aurunt
533 186 699 239 eun'rm

117 298 140 339 in
154 295 246 338 Bactria
264 291 363 334 defectio
377 303 491 346 repressa.
521 289 581 332 Dum
590 288 697 330 indomm
711 285 799 338 legatos
814 285 918 327 convivio

116 367 205 422 excipit
213 364 355 412 Alexander,
375 364 435 406 inter
443 363 564 405 Horratam
579 364 603 403 et
613 360 755 414 Dioxippum
769 358 823 400 rixa
837 357 917 400 oritur.

116 438 199 483 Paullo
209 438 408 493 poatDioxippua,
418 435 558 478 inimieorum
570 432 688 476 calumniis
697 429 856 474 ultramodum
865 431 918 473 irri-

116 516 184 562 tatus,
201 511 347 565 semetipsum
355 509 473 552 interimit.
501 512 522 550 8.
538 507 611 549 Donic
621 519 634 546 a
644 503 727 558 legatia
735 503 844 546 Indorum
854 515 919 545 acce·

115 586 170 640 ptis,
189 582 309 633 Sabracaa,
329 581 465 630 blaniacum,
483 579 600 631 Praestos,
619 577 721 634 aliosque
731 573 829 633 populos
840 573 920 619 debel-

116 657 162 708 lat3
181 655 336 703 Ptolemaeus,
348 654 384 709 qui
396 656 507 696 venenato
517 651 564 696 telo
574 650 706 695 vulneratus
716 653 776 700 erat,
790 663 833 704 ope
844 650 919 691 cuina-

117 730 168 771 dam
177 727 269 778 herbae,
289 727 352 769 cuius
362 727 452 782 species
461 726 486 768 in
499 728 585 770 somnia
594 724 727 768 Alexandro
742 722 818 764 oblata
833 722 919 772 iuerat,

116 805 214 844 curatur.
244 803 267 843 9.
282 798 395 854 Cupidine
405 800 494 842 visendi
506 799 590 842 Oceani
601 800 720 852 correptus
733 809 789 846 rex,
807 809 852 838 non
868 796 920 838 eiua

115 871 225 929 perieulis
233 874 329 928 propter
338 876 456 915 naumrum
466 873 611 927 imperitiam,
622 871 713 912 munem
721 869 768 911 voti
779 869 812 911 aui
824 881 919 922 compos

115 947 226 989 redditam.
258 949 292 988 10.
301 943 336 986 Ab
348 944 438 988 Oceano
447 945 471 986 iu
481 944 635 992 Arabitarum,
646 941 807 984 Gedroaiornm
818 943 841 982 et
850 940 921 982 Indo·

116 1033 164 1060 rum
174 1020 232 1060 tinea
241 1017 375 1060 revertiturr
389 1017 427 1058 ubi
438 1015 500 1058 fame
510 1023 534 1058 et
543 1014 678 1071 pestilentia
687 1018 787 1057 vexatur
796 1015 921 1057 exercitae.
965 1045 968 1052 i

116 1091 204 1140 Quibus
215 1089 308 1134 libenti
322 1089 446 1132 instituunt
459 1087 544 1131 laetum
557 1086 715 1132 bacchantium
725 1085 810 1136 lucrum,
830 1083 919 1140 auppli-

115 1165 150 1207 aio
160 1167 237 1208 tamen
246 1162 354 1217 depastis
363 1162 463 1216 satrapis
473 1163 622 1204 cruentatum.

205 1271 394 1363 Alexander,
414 1309 469 1352 tum
489 1303 663 1355 memorabili
683 1304 801 1356 victoria
817 1301 922 1366 laetus,

117 1370 240 1438 quesibi
256 1369 379 1420 Orientis
394 1369 464 1420 lines
480 1375 593 1438 apertos
611 1386 674 1422 esse
693 1370 840 1434 censebat,
861 1369 924 1422 Soli

116 1438 236 1488 victimis
252 1437 352 1499 caesis,
373 1436 477 1489 milites
492 1451 613 1506 quoqne,
633 1455 688 1506 quo
703 1438 925 1507 promptioribus

117 1505 215 1556 animis
228 1505 280 1555 reli
301 1504 416 1556 uabelli
431 1506 550 1569 obirent,
571 1521 622 1573 pro
640 1508 775 1559 concione
792 1507 925 1559 laudatos

117 1573 225 1636 docuit,
239 1521 373 1640 quidquid
382 1573 458 1625 lndis
472 1575 571 1654 virium
581 1573 696 1639 fuisset,
706 1575 756 1625 illa
767 1574 925 1626 dimicatio-

116 1641 925 1778 labilitatis,statimiussitinitiet:

87 1824 90 1828 .
115 1782 186 1828 rent.
223 1776 345 1829 Proinde
362 1779 419 1829 iarn
437 1779 505 1830 vilia
524 1783 553 1829 et
568 1777 699 1829 obsoleta
714 1792 776 1830 csse
786 1776 880 1845 spolia
890 1778 925 1829 de

116 1843 224 1896 Persis=
246 1847 363 1912 gemmis
382 1846 598 1914 margaritisque
613 1850 642 1896 et
657 1861 725 1896 auro
742 1852 826 1913 atque
838 1844 926 1896 ebore

115 1911 310 1964 Macedoniam
322 1912 538 1980 Graeciamque,
554 1927 610 1963 non
622 1928 687 1964 suas
697 1919 804 1964 tantum
815 1912 926 1976 domos,

115 1981 254 2047 repletum
263 1979 314 2030 ire.
334 1980 358 2030 3.
370 1979 453 2031 Avidi
463 1981 567 2031 milites
578 1985 607 2030 et
616 1981 752 2047 pecuniae
764 1986 792 2031 et
821 1979 924 2042 leriae,

115 2049 199 2100 simul
217 2047 282 2114 quia
300 2063 439 2115 nunquam
459 2063 509 2099 ees
528 2047 676 2098 affirmatio
692 2048 752 2098 eins
768 1997 922 2110 fefellerat,

115 2114 283 2183 pollicentur
294 2129 420 2181 operam:
432 2115 610 2184 dimissisque
621 2131 681 2167 eum
691 2115 766 2167 bona
777 2131 836 2184 spe,
847 2119 924 2167 navi·

115 2185 162 2250 gia
172 2182 317 2234 aedificari
327 2181 414 2246 lubet,
428 2191 467 2246 ut,
479 2199 560 2251 quum
569 2189 658 2234 totam
665 2184 757 2235 Asiam
769 2186 923 2252 percurris-

115 2257 167 2314 set,
180 2251 262 2302 tinem
273 2257 410 2302 terrarum
420 2266 497 2303 mare
506 2251 649 2303 inviseret.
668 2252 693 2302 4.
704 2250 796 2303 Multa
804 2253 925 2304 materia

114 2318 220 2368 navalis
230 2320 260 2370 in
269 2318 404 2384 proximis
414 2318 555 2371 montibus
567 2326 639 2370 erat:
652 2333 733 2386 quarn
744 2319 865 2372 caedere
875 2334 923 2387 ag·

115 2385 435 2506 estimatis·
448 2387 924 2508 naris-esur:-

116 2519 178 2571 dem
196 2521 338 2574 montibus
357 2470 447 2575 ciant?
483 2493 614 2576 lletcrum
627 2519 683 2575 hoc
700 2493 925 2576 nereen'belluis

116 2588 260 2645 indituma
270 2587 399 2643 Graecis:
414 2592 551 2644 sermonis
562 2592 623 2643 eius
634 2591 644 2642 i
685 2592 727 2642 ari
737 2590 815 2646 allud
824 2589 926 2659 lingua

115 2670 167 2704 sua
185 2672 237 2707 usu
273 2662 328 2707 ant.
365 2658 389 2710 6.
408 2660 477 2723 Rex,
500 2657 607 2712 duabus
622 2673 656 2710 ur
675 2659 738 2712 ibus
753 2658 877 2711 conditis
895 2658 925 2708 in

115 2726 233 2788 uaeque
266 2724 377 2788 uminis,
398 2728 472 2794 quod
483 2733 674 2794 superaverat,
690 2729 760 2795 ripa,
776 2726 926 2795 copiarum
