2036 3030
139 192 171 242 ll
323 186 459 239 loANN.
481 184 757 239 FREINSHEMH

139 289 303 339 transduxit.
339 287 363 338 l.
390 287 736 354 ImprovisaMacedonunr
754 285 945 352 impressione

139 358 252 422 (quippe
263 355 481 406 transmittentes
494 371 558 418 nox,
578 361 607 404 et
625 357 654 404 in
674 354 742 419 ripa,
764 366 845 419 quam
862 359 945 418 pata-

138 422 213 483 bant‚
225 421 312 472 densa
321 421 451 474 frumenti
462 437 544 490 seges
554 423 675 484 texerat)
690 420 781 471 territi
793 419 882 470 Getae
894 422 945 473 vix

139 489 255 556 primum
284 491 378 541 emissi
407 490 546 556 equitatus
564 491 695 554 impetum
714 487 814 538 tulere.
860 487 884 536 5.
904 489 945 538 Ut

140 555 239 606 deinde
251 571 311 606 cum
322 555 587 624 phalangeNicanor
596 555 741 617 successit,
754 552 844 604 effuso
857 569 944 606 cursu
1013 553 1014 578 ³

138 621 234 674 urbem
255 631 373 690 quatuor
391 623 478 674 ferme
499 637 628 690 passuum
648 622 770 673 millibus
792 635 808 670 a
827 619 942 672 flumine

81 725 84 730 -
138 690 286 741 distantem
297 691 466 757 petiverunt:
480 706 554 752 mox,
566 690 687 741 instante
697 687 865 748 Alexandro,
878 703 943 740 ave·
1013 723 1014 726 =

137 758 190 808 ctis
202 758 367 826 coniugibus
379 758 540 825 liberisque,
552 757 626 824 quod
636 771 730 808 eorum
742 755 819 872 eqssuis
831 755 943 822 eripere
1013 757 1014 762 ’

136 831 303 892 potuerant,
332 833 441 876 ceteros
461 825 600 892 reliquere
618 825 727 874 victori.
786 858 792 872 .
815 821 871 873 Eos
891 837 944 874 rex

137 893 283 960 Meleagro
295 890 461 958 ethilippo
481 892 659 943 abducendos
679 890 770 942 dedit:
791 891 943 956 excisaque

136 960 215 1021 urbe!
226 960 292 1011 etin
304 959 363 1025 ripa
374 958 495 1009 fluminis
504 959 562 1008 lori
573 957 743 1028 Herculique
754 962 782 1008 et
791 957 846 1022 ipsi
856 958 941 1020 lstro,

136 1029 182 1094 qui
201 1027 355 1077 transeunti
377 1026 513 1091 propitius
534 1025 651 1088 fuisset,
681 1025 737 1075 aris
757 1025 939 1086 consecratis,

136 1094 235 1144 eodem
246 1093 292 1143 die
302 1091 413 1142 reduxit
423 1093 587 1152 exereitum,
606 1093 751 1143 incruenta
759 1091 880 1142 victoria
889 1107 939 1157 po-

136 1163 212 1211 titus.
240 1161 264 1208 7.
284 1157 427 1210 Venerunt
437 1159 538 1211 deinde
551 1160 727 1210 finitimarum
738 1159 861 1225 gentium
872 1158 939 1226 Syr-

135 1229 227 1292 mique
237 1226 313 1291 regis
327 1232 453 1277 oratores
464 1241 525 1276 cum
538 1227 628 1284 donis,
650 1241 720 1292 quae
739 1225 811 1292 apud
820 1226 898 1292 ipsos
908 1229 940 1278 in

134 1293 225 1360 pretio
238 1291 381 1344 habentur.
420 1293 548 1344 Germani
561 1307 680 1359 quoque,
695 1296 742 1361 qui
751 1307 838 1360 usque
849 1309 866 1343 a
875 1293 938 1345 fon-

134 1361 209 1412 tibus
220 1361 284 1410 lstri
293 1366 382 1411 terras
393 1361 428 1411 ad
438 1362 528 1412 sinum
537 1361 706 1412 Adriaticum
721 1365 878 1427 spectantes
891 1360 938 1412 ba-

133 1429 236 1487 bitnnt,
257 1427 367 1494 legatos
386 1430 525 1478 miserant.
561 1427 630 1479 Nam
649 1428 721 1479 Ister
740 1429 767 1479 in
788 1427 940 1480 Germania

134 1496 235 1546 oritur:
263 1495 318 1560 ipsi
338 1495 427 1561 patrio
454 1496 592 1547 vocabulo
606 1495 763 1547 Danubium
787 1496 937 1562 appellant.
1013 1535 1014 1556 q

133 1564 157 1614 8.
176 1562 396 1628 Magnitudinem
416 1576 563 1628 corporum
581 1564 789 1630 animorumque
808 1564 938 1614 alacrita-
1013 1569 1014 1574 ’

133 1638 188 1680 tem
198 1630 349 1680 admiratus
359 1630 514 1681 Alexander
524 1631 717 1698 interrogavit,
738 1631 868 1698 quidnam
881 1645 938 1681 om·

133 1699 208 1748 nium
225 1697 346 1752 maxime
365 1701 543 1748 vererentur'l
564 1705 663 1764 putans
686 1713 763 1748 suam
783 1699 937 1765 potentiam

132 1763 338 1816 formidabilem
348 1766 416 1832 ipsis
428 1780 620 1834 esse‚eamque
631 1779 661 1816 se
673 1764 879 1816 confessionem
891 1780 937 1817 ex·
977 1767 989 1788 ²

132 1847 299 1898 pressurum.
336 1833 390 1894 llli,
402 1832 470 1883 nihil
481 1848 512 1884 se
523 1847 691 1900 magnopere
705 1833 805 1893 vereri,
821 1847 937 1900 respon-

134 1900 241 1962 derunt,
250 1899 438 1962 nisiforte,ne
451 1901 559 1951 eoelum
570 1902 597 1951 in
606 1903 684 1967 ipsos
693 1905 799 1951 rueret:
814 1906 936 1951 ceterum

132 1969 254 2018 virorum
264 1967 378 2018 fortium
389 1969 537 2017 amicitiam
556 1967 667 2034 plurimi
686 1966 789 2018 iacere.
825 1967 850 2018 9.
870 1967 936 2018 Per·-

134 2035 226 2085 culsus
237 2036 387 2100 improviso
398 2047 534 2100 responso
545 2034 666 2101 paullum
680 2036 805 2099 reticuit3
825 2035 935 2098 deinde,

132 2100 187 2153 hoc
204 2117 288 2152 unum
305 2099 416 2162 effatus,
438 2101 591 2152 Germanos
608 2109 771 2170 arrogantes
783 2117 854 2165 esse,
875 2102 936 2154 foe·
1013 2135 1014 2138 =

133 2169 194 2229 dus,
214 2171 370 2235 utpeticre‚
383 2167 486 2231 iunxit;
506 2168 661 2236 Syrmoque
672 2177 701 2221 et
710 2169 825 2236 reliquis
840 2185 935 2237 pacem
1013 2171 1014 2204 ³

133 2235 223 2286 dedit:
249 2235 317 2286 satis
337 2234 444 2300 gloriae
464 2249 497 2286 ea
516 2239 694 2302 expeditione
713 2244 821 2303 partum
842 2240 936 2288 existi-

133 2316 219 2363 mans,
235 2303 301 2352 etin
312 2300 454 2353 Persicum
464 2302 566 2355 bellum
577 2306 669 2356 animo
680 2319 841 2368 conversus,
861 2306 935 2356 unde

133 2383 194 2418 eum
204 2367 304 2418 leviori
315 2367 472 2419 discrimine
484 2371 568 2438 longe
587 2374 675 2423 maius
697 2387 798 2438 operae
814 2374 935 2438 pretium

132 2434 354 2501 exspectabatur.
392 2437 430 2486 lo.
450 2438 575 2490 Taxasse
586 2440 616 2490 id
627 2439 791 2490 avunculum
802 2443 862 2490 eius
872 2441 934 2491 Ale-

130 2503 264 2554 xandrum
283 2509 401 2566 constat,
422 2520 504 2570 quum
524 2507 616 2572 paullo
637 2512 702 2573 post
719 2506 795 2556 bello
810 2507 935 2558 initalia

131 2569 254 2636 gerendo
264 2567 441 2638 fatigaretur:
461 2588 522 2622 nam
532 2573 706 2640 inaequalem
719 2573 863 2640 utriusque
874 2589 933 2625 sor·

129 2644 185 2688 tem
226 2642 330 2698 uestus,
350 2638 553 2690 sibicumviris
565 2655 684 2706 pugnam
705 2641 832 2692 evenisse
853 2642 931 2702 dixit,

129 2653 358 2756 Macedoni-cum
377 2705 547 2756 mulieribus.
594 2705 633 2756 ll.
671 2706 800 2757 Ceterum
817 2708 932 2775 regulos
