2082 3042
318 213 466 265 LIBER
492 214 574 265 Vlll.
603 215 695 268 GAP.
726 217 766 266 14.
891 215 941 267 345

136 323 199 368 tota
210 315 269 366 acie
281 329 377 366 currus
388 315 485 383 vagari
498 316 559 367 sine
573 317 729 368 rectoribus
744 317 826 378 vidit,
839 318 941 382 proxi-

136 386 191 438 mis
212 384 363 434 amicorum
381 383 524 434 distribuit
538 380 712 448 elephantos.
750 386 788 434 lo.
808 383 879 434 Post
891 398 942 435 eos

137 457 273 518 posuerat
283 449 391 515 pedites
403 465 435 500 ac
445 451 620 517 sagittarios,
640 454 669 500 et
681 455 813 516 tympana
829 451 941 516 pulsare

138 517 251 569 solitos.
286 516 316 568 ld
329 531 379 583 pro
396 524 479 568 cantu
493 518 621 568 tubarum
631 515 706 566 ludis
718 521 790 567 eret:
810 532 861 568 nec
871 524 941 569 stre-

137 584 198 652 pitu
208 598 302 636 eorum
312 584 505 646 movebuntur,
528 585 595 635 olim
610 583 645 634 ad
656 588 751 633 notum
762 597 859 634 sonum
869 586 941 636 auri·

138 653 191 703 bus
200 652 343 720 mitigatis.
381 653 421 702 ll.
439 651 573 703 Herculis
585 650 764 702 simulacrum
779 651 881 716 agmini
894 667 940 718 pe-

139 717 226 769 ditum
240 717 459 784 praeferebatur.
496 720 526 769 ld
540 719 690 769 maximum
703 722 764 768 erat
772 716 941 768 bellantibus

137 786 355 846 incitamentum,
367 791 396 837 el
405 785 565 837 deseruisse
576 791 719 852 gestantes
729 784 850 836 militare
864 781 941 851 dagi-

135 852 206 905 tinm
225 852 388 903 habebatur.
426 854 466 903 la.
486 852 592 918 Capitis
611 854 696 902 etiam
709 853 861 902 sanxerant
876 865 942 916 poe-

135 921 256 982 namiis,
279 920 324 986 qui
337 919 694 981 exacienonretulissent3
714 926 799 980 metu,
816 932 897 984 quem
908 932 943 970 ex
1031 947 1036 953 -

133 987 186 1038 illo
198 985 280 1038 hoste
292 985 430 1052 quondam
441 986 726 1052 conceperant,etiam
736 987 765 1036 in
775 985 827 1036 reli
851 986 943 1036 'onem

136 1054 401 1120 venerationemque
412 1069 558 1105 converso.
589 1053 760 1104 Macedonas
772 1069 827 1104 non
856 1052 942 1103 ellua-

137 1135 198 1171 rum
211 1119 304 1181 modo,
324 1120 374 1170 sed
389 1123 473 1172 etiam
487 1122 575 1187 ipsius
585 1121 662 1189 regis
673 1121 823 1188 adspectus
834 1135 942 1187 parum-

136 1201 187 1254 per
196 1185 324 1238 inhibuit.
361 1189 400 1240 13.
420 1188 536 1240 Belluac
551 1188 706 1256 dispositae
719 1189 794 1240 inter
808 1193 941 1250 armatos,

136 1258 258 1320 speciem
270 1255 385 1307 turrium
396 1257 494 1323 procul
503 1256 638 1308 fecerant
670 1257 732 1322 lpse
744 1256 834 1306 Porus
847 1253 941 1306 huma-

136 1337 188 1373 nae
208 1323 406 1389 magnitudinis
419 1324 620 1392 propemodum
637 1330 798 1376 excesserat
807 1323 939 1386 lor'mam3

135 1391 319 1457 magnitudini
329 1389 452 1443 adiicere
462 1393 609 1444 videbatur
622 1392 727 1454 bellua,
749 1407 804 1459 qua
820 1389 939 1446 veheba-

133 1461 300 1519 tur',tantum
312 1459 386 1508 inter
397 1466 505 1510 ceteras
517 1461 649 1520 eminens,
662 1464 793 1526 quantum
804 1458 867 1509 aliis
877 1459 939 1524 ipse

134 1523 304 1591 praestabat.
341 1524 380 1574 lt.
399 1526 496 1591 ltaque
508 1525 673 1587 Alexander,
694 1527 898 1590 contemplatus
910 1531 940 1576 ei

126 1605 230 1657 regem
242 1595 270 1640 et
280 1605 377 1656 agmen
387 1591 528 1651 Indorum,
536 1588 664 1652 Tandem,
676 1592 776 1656 inquit,
782 1606 837 1657 por
848 1591 937 1642 animo

134 1673 192 1708 meo
199 1655 347 1723 periculum
358 1657 441 1710 rideo.
480 1657 547 1709 Oura
557 1656 645 1708 bestiis
654 1655 744 1719 simul,
757 1665 783 1709 et
792 1673 851 1708 cum
863 1672 937 1725 egre-

135 1723 188 1791 giis
198 1722 262 1774 airis
272 1739 314 1775 rer
324 1731 370 1774 ert.
406 1723 445 1774 15.
463 1725 633 1790 Intuensque
643 1724 769 1786 Coenon,
781 1722 868 1787 Quum
879 1739 938 1791 ego,

135 1792 235 1858 inquit,
257 1789 408 1842 Ptolemaeo
419 1789 601 1854 Perdiccaque
612 1798 637 1841 et
646 1788 846 1857 Hephaestione
858 1790 939 1840 comi-
1016 1809 1023 1824 ·

136 1867 217 1920 tutas,
237 1858 266 1908 in
282 1855 848 1928 laecumdorffumrorrsuimpetumsecero‚
869 1856 938 1910 nide-
1032 1891 1033 1894 =

135 1925 225 1992 rique
234 1942 274 1977 me
283 1925 312 1977 in
321 1926 407 1978 medio
417 1927 515 1978 ardore
525 1924 747 1992 certamiair,ipre
757 1924 939 1976 dextrumrno·

135 2009 175 2054 oe,
187 2000 213 2042 et
224 1993 337 2044 turbatis
347 1992 427 2062 rigna
439 1993 520 2111 ἔξω.
547 1990 598 2055 Tu,
610 1991 753 2061 Antigene,
766 2000 793 2043 et
802 2000 839 2054 tu,
851 1990 938 2042 Leon·
1031 2009 1032 2022 ³

133 2067 207 2122 nate,
218 2067 245 2110 et
255 2057 378 2122 Tauron,
388 2061 448 2113 iace
469 2059 551 2113 omini
557 2059 586 2112 ic
596 2059 710 2112 mediam
719 2059 811 2120 aciem,
824 2066 853 2110 et
860 2074 939 2127 urge·
1030 2073 1031 2112 ζ

135 2126 197 2178 bitis
199 2124 335 2196 frontem.
372 2127 412 2178 ld.
433 2126 537 2180 Hastae
547 2136 655 2180 normae
660 2129 828 2247 praelongae
839 2133 864 2177 et
873 2124 938 2177 ocli-
1015 2155 1030 2198 4

134 2195 184 2246 dae
195 2211 250 2245 aon
260 2193 328 2245 aliae
339 2194 426 2263 magis
436 2211 515 2262 paam
525 2196 651 2248 adonem
679 2196 759 2248 ellam
769 2201 939 2261 rectoresque

134 2278 226 2314 earum
236 2260 298 2313 usui
306 2269 508 2329 errepoteruatr
522 2263 660 2316 deturbate
672 2279 729 2325 eor,
741 2260 937 2329 proicerentur,
1015 2301 1017 2308 .

135 2338 161 2381 et
169 2329 240 2396 ipsas
252 2329 397 2410 coofodite.
434 2329 538 2397 Anceps
544 2345 631 2410 genus
641 2328 791 2410 anamiim,
803 2337 831 2381 et
839 2329 868 2382 ia
876 2344 938 2380 suos
1026 2387 1027 2402 3

134 2397 222 2449 acrior
227 2395 313 2468 furit.
349 2395 383 2448 In
393 2396 495 2448 hortem
506 2413 575 2449 earm
585 2413 696 2464 imperto
702 2432 711 2460 ‚
731 2413 759 2448 ra
768 2407 938 2464 suosparore
1016 2440 1021 2451 .

133 2461 235 2531 agitur.
272 2467 312 2516 17.
331 2465 558 2527 Haecelocutus,
579 2457 936 2533 concitateqnumprlmus.
1005 2465 1011 2474 ’

132 2531 255 2598 lamque,
276 2539 307 2583 ut
325 2533 492 2584 destinatum
514 2538 583 2593 erat,
605 2533 745 2583 invaserat
759 2531 872 2584 ordines
887 2529 936 2580 bo-

133 2598 231 2663 stiurn3
244 2615 325 2665 quurn
333 2600 442 2652 Coenus
452 2600 561 2667 ingenti
570 2600 597 2650 ri
607 2599 636 2649 in
647 2599 755 2651 laevum
766 2614 852 2650 cornu
862 2597 937 2648 inre·
1015 2604 1020 2614 '

133 2664 217 2717 bitur.
237 2667 277 2716 18.
289 2664 414 2726 Phalanx
425 2681 535 2736 quoque
544 2666 573 2718 in
582 2667 835 2718 mediamlndorum
849 2665 937 2716 aciem

133 2748 188 2785 uno
199 2733 305 2800 impetu
315 2737 448 2803 prorupit.
484 2734 627 2797 AtPorus,
650 2747 704 2802 qua
714 2733 834 2801 equitem
843 2730 937 2784 invehi
