2098 3040
106 241 170 292 ’370
342 234 514 298 QUINTI
541 234 708 286 cURTll

121 357 146 392 se
156 346 320 390 mementote.
356 339 395 392 Aa
407 343 463 388 tum
475 329 586 402 quidem
596 335 699 386 amicos
711 333 826 384 dimisit:
848 341 922 387 cete-

120 423 179 458 rum
189 420 239 472 per
249 405 406 472 complures
416 405 475 454 dies
485 404 526 454 ibi
536 403 637 453 stativa
647 400 751 451 habuit.

170 473 229 524 Vll.
248 473 327 523 llaec
339 473 402 523 dum
414 470 531 522 inludia
541 475 684 536 geruntur,
696 467 797 520 Graeci
807 469 922 534 milites,

120 555 207 606 nuper
220 541 249 588 iu
264 539 390 590 colonias
406 552 503 604 aroge
520 536 631 588 deducti
642 538 717 587 circa
727 535 838 598 Bactra,
859 543 923 588 orta

116 610 190 658 inter
200 609 277 672 ipsos
288 607 436 666 seditione,
449 603 619 665 defecerant,
631 609 751 654 nontam
762 602 921 656 Alexandro

116 673 228 735 infensi,
242 689 323 739 quam
332 679 408 723 metu
418 672 556 739 supplicii.
592 673 617 721 2.
630 671 737 737 Quippe
748 671 851 721 occisis
862 673 922 737 qui-

116 741 233 792 busdam
243 741 427 806 popularium,
447 741 494 806 qui
503 739 654 790 validiores
666 743 752 799 erant,
773 751 850 788 arma
860 753 922 804 spe·

119 815 193 860 ctare
205 813 368 874 coeperunt3
381 813 409 857 et
418 805 567 857 Bactriana
576 821 650 867 arce,
661 819 731 872 quae
742 805 821 871 quasi
832 805 922 873 negli-

118 877 229 942 gentius
242 881 384 926 asservata
396 873 756 940 erat,occupata,barbaros
790 888 883 939 uoquc
892 875 922 924 in

118 945 282 995 societatem
295 941 461 994 defectionis
471 941 645 1007 impulerant.
681 941 705 992 3.
724 940 759 990 At
780 940 922 992 enodorus

119 1015 180 1060 erat
190 1011 318 1077 princeps
330 1023 434 1070 corum,
442 1009 490 1074 qui
499 1007 574 1075 regis
586 1021 696 1088 quoque
706 1021 807 1058 nomen
818 1021 912 1059 assum

119 1083 222 1145 pscrat,
243 1083 369 1128 nontam
385 1076 649 1143 imperlieupidlue,
670 1090 750 1142 quam
764 1075 794 1124 iu
804 1077 924 1142 patriam

117 1144 280 1196 revertendi
297 1159 359 1194 cum
376 1144 422 1205 iis,
442 1144 490 1210 qui
509 1143 703 1208 auctoritatem
718 1142 807 1208 ipsius
824 1157 924 1210 seque·

117 1210 227 1263 bantur.
254 1211 279 1260 4.
291 1211 365 1261 Huic
375 1211 463 1260 Bicon
475 1211 584 1277 quidam
595 1211 715 1262 nationis
727 1201 860 1271 eiusddm,
873 1211 924 1262 sed

119 1277 156 1329 ob
167 1277 382 1328 aemulationem
392 1276 519 1339 infestus,
533 1278 704 1345 comparavit
712 1277 842 1339 insidias,
852 1277 925 1327 invi·

117 1347 261 1410 tatumque
277 1344 312 1394 ad
329 1344 435 1411 epulas,
456 1359 506 1410 per
516 1345 624 1396 Boxum
637 1344 772 1412 quendam
786 1344 926 1395 Macaria·

119 1427 184 1462 num
206 1412 235 1461 iu
255 1413 383 1463 convivio
399 1412 514 1464 occidit.
548 1412 573 1462 5.
593 1412 712 1464 Postero
727 1411 925 1481 die'concione

120 1479 269 1543 advocata,
288 1479 378 1532 Bicon
393 1480 466 1530 ultro
477 1479 638 1530 insidiatum
651 1480 704 1530 sibi
713 1477 923 1530 Athenodorum

118 1547 261 1614 plerisque
271 1553 457 1614 persuaserat.
495 1547 550 1599 Sed
561 1547 623 1597 aliis
635 1552 765 1614 suspecta
773 1544 851 1597 fraus
862 1559 925 1598 erat

118 1615 243 1678 Bitonis,
266 1621 294 1666 et
307 1613 451 1684 paullatim
462 1615 490 1664 in
501 1615 595 1732 plures
606 1615 701 1680 coepit
709 1627 821 1664 manare
832 1616 923 1679 suspi-

120 1683 175 1734 cio.
210 1683 235 1734 t.
246 1683 344 1749 ltaque
356 1681 457 1734 Gracci
466 1682 505 1732 mi
517 1681 570 1733 ites
581 1696 658 1730 arma
668 1681 788 1748 capiunt,
800 1681 924 1732 occisuri

117 1750 263 1814 Bieonem,
274 1750 298 1802 si
309 1751 423 1802 daretur
433 1749 555 1800 occasio.
584 1749 712 1800 Ceterum
723 1748 863 1866 priumipes
875 1763 925 1798 eo·

117 1832 178 1869 rum
207 1819 276 1870 iram
304 1815 490 1868 multitudinis
519 1816 725 1882 mitigaverunt.
760 1817 786 1867 ⁷.

119 1899 197 1951 spem
207 1901 284 1936 suam
293 1884 382 1935 Bioon
392 1883 534 1950 praesenti
542 1881 669 1951 periculo
681 1889 805 1950 ereptus,
824 1883 924 1950 paullo

118 1959 184 2018 post
192 1951 340 2003 insidiatus
351 1950 512 2002 auctoribus
523 1949 622 2002 salutis
634 1965 700 2001 suae
712 1955 767 2002 est:
784 1951 862 2001 cuius
874 1950 925 2002 do·

118 2021 147 2070 lo
169 2020 292 2086 cognito,
315 2024 344 2068 ct
360 2019 450 2083 ipsum
465 2015 743 2084 comprehenderunt,
763 2023 792 2068 et
802 2017 922 2069 Boxum.

118 2087 147 2136 8.
163 2085 292 2137 ceterum
301 2084 409 2136 Boxum
420 2085 547 2150 protinus
564 2085 669 2152 placuit
682 2085 818 2147 interfici:
839 2085 925 2137 Bico-

118 2168 181 2204 nem
201 2153 285 2204 etiam
304 2166 354 2220 per
372 2153 524 2203 cruciatum
542 2153 646 2204 necari.
680 2152 794 2220 lamque
809 2153 925 2220 corpori

117 2225 257 2272 tormenta
267 2219 494 2282 admovebantur,
532 2236 595 2270 uum
607 2217 737 2288 [Graeci]
747 2221 862 2283 milites,
883 2222 925 2270 in-

118 2294 224 2339 certum
236 2289 271 2339 ob
283 2302 364 2355 quam
374 2302 485 2338 causam
492 2323 500 2350 ,
513 2235 669 2354 ‘lymphatis
680 2287 789 2339 sindles
798 2289 834 2339 ud
846 2302 925 2338 armna

120 2351 287 2406 discurrunt.
323 2354 347 2406 9.
368 2354 491 2416 Quorum
511 2352 625 2406 fremitu
644 2355 787 2417 exaudito,
806 2355 853 2422 qui
866 2361 926 2407 tor-

120 2435 205 2489 quere
216 2420 350 2474 Biconem
360 2423 435 2474 iussi
443 2429 531 2485 erant,
542 2425 676 2486 omisere,
690 2423 786 2485 veriti,
798 2437 833 2474 ne
842 2422 873 2474 id
883 2421 926 2474 fa·

118 2503 183 2541 cero
193 2489 420 2541 tumultuantium
430 2490 632 2542 vociteratione
642 2489 866 2556 prohiberentur.
883 2491 925 2542 lt.

116 2555 179 2620 llle,
191 2555 263 2610 sicut
273 2559 393 2610 nudatus
404 2564 478 2621 erat,
489 2559 615 2626 pervenit
626 2558 661 2609 ad
672 2557 814 2622 Graecos3
834 2565 865 2610 ct
874 2560 927 2609 mi·

118 2623 247 2676 serabilis
266 2623 355 2676 facies
375 2625 512 2694 supplicio
528 2625 661 2680 destinati
675 2625 703 2676 in
714 2625 855 2676 diversum
867 2628 929 2678 ani-

117 2703 178 2740 mos
189 2697 304 2758 repente
314 2697 440 2756 mutavit,
454 2693 612 2760 dimittique
624 2707 687 2744 eum
697 2694 848 2744 iusserunt.
883 2696 927 2746 ll.

117 2753 181 2807 lloc
190 2758 275 2810 modo
285 2773 378 2825 poena
387 2759 431 2812 bis
441 2761 588 2823 liberatus,
610 2776 671 2812 cum
682 2761 797 2824 ceteris,
819 2762 868 2828 qui
879 2777 929 2814 oo-

98 3009 218 3022 ξ..-

828 1823 925 1866 laeter
971 1828 976 1836 ¹
