<?xml version="1.0" encoding="UTF-8"?>
<!DOCTYPE html PUBLIC "-//W3C//DTD XHTML 1.0 Transitional//EN"
    "http://www.w3.org/TR/xhtml1/DTD/xhtml1-transitional.dtd">
<html xmlns="http://www.w3.org/1999/xhtml" xml:lang="en" lang="en">
 <head>
  <title>
</title>
<meta http-equiv="Content-Type" content="text/html;charset=utf-8" />
  <meta name='ocr-system' content='tesseract 3.04.00' />
  <meta name='ocr-capabilities' content='ocr_page ocr_carea ocr_par ocr_line ocrx_word'/>
</head>
<body>
  <div class='ocr_page' id='page_1' title='image "./qcurtiirufidere00johagoog_0185.png"; bbox 0 0 2048 3034; ppageno 0'>
   <div class='ocr_carea' id='block_1_1' title="bbox 255 167 871 221">
    <p class='ocr_par' dir='ltr' id='par_1_1' title="bbox 255 167 871 221">
     <span class='ocr_line' id='line_1_1' title="bbox 255 167 871 221; baseline 0.003 -3"><span class='ocrx_word' id='word_1_1' title='bbox 255 167 403 218; x_wconf 74' lang='lat' dir='ltr'><strong>Libuit</strong></span> <span class='ocrx_word' id='word_1_2' title='bbox 428 167 476 218; x_wconf 84' lang='lat' dir='ltr'><strong>lv.</strong></span> <span class='ocrx_word' id='word_1_3' title='bbox 513 167 608 221; x_wconf 69' lang='grc'><strong>011).</strong></span> <span class='ocrx_word' id='word_1_4' title='bbox 637 169 678 220; x_wconf 78' lang='lat'><strong>1².</strong></span> <span class='ocrx_word' id='word_1_5' title='bbox 822 169 871 220; x_wconf 69' lang='grc'><strong>173</strong></span> 
     </span>
    </p>
   </div>
   <div class='ocr_carea' id='block_1_2' title="bbox 4 267 873 2779">
    <p class='ocr_par' dir='ltr' id='par_1_2' title="bbox 4 267 873 2779">
     <span class='ocr_line' id='line_1_2' title="bbox 4 267 871 339; baseline 0.002 -18"><span class='ocrx_word' id='word_1_6' title='bbox 4 331 5 338; x_wconf 14' lang='lat'>¹</span> <span class='ocrx_word' id='word_1_7' title='bbox 50 270 158 338; x_wconf 81' lang='lat' dir='ltr'><strong>drigae</strong></span> <span class='ocrx_word' id='word_1_8' title='bbox 169 267 325 322; x_wconf 75' lang='lat' dir='ltr'><strong>Phradates</strong></span> <span class='ocrx_word' id='word_1_9' title='bbox 336 286 438 338; x_wconf 76' lang='lat' dir='ltr'><strong>magro</strong></span> <span class='ocrx_word' id='word_1_10' title='bbox 449 271 649 338; x_wconf 69' lang='lat' dir='ltr'><strong>carpianorun</strong></span> <span class='ocrx_word' id='word_1_11' title='bbox 663 273 774 339; x_wconf 84' lang='lat' dir='ltr'><strong>agmine</strong></span> <span class='ocrx_word' id='word_1_12' title='bbox 793 275 871 323; x_wconf 86' lang='lat' dir='ltr'><strong>ante·</strong></span> 
     </span>
     <span class='ocr_line' id='line_1_3' title="bbox 4 337 870 405; baseline 0 -17"><span class='ocrx_word' id='word_1_13' title='bbox 4 357 5 360; x_wconf 45' lang='lat'>¹</span> <span class='ocrx_word' id='word_1_14' title='bbox 49 339 191 389; x_wconf 75' lang='lat' dir='ltr'>cedebat.</span> <span class='ocrx_word' id='word_1_15' title='bbox 227 337 438 405; x_wconf 84' lang='lat' dir='ltr'><strong>ludiceterique</strong></span> <span class='ocrx_word' id='word_1_16' title='bbox 452 339 527 390; x_wconf 85' lang='lat' dir='ltr'><strong>rubri</strong></span> <span class='ocrx_word' id='word_1_17' title='bbox 538 339 623 388; x_wconf 85' lang='lat' dir='ltr'><strong>maris</strong></span> <span class='ocrx_word' id='word_1_18' title='bbox 634 340 758 401; x_wconf 79' lang='lat' dir='ltr'>accolae,</span> <span class='ocrx_word' id='word_1_19' title='bbox 780 340 870 389; x_wconf 87' lang='lat' dir='ltr'><strong>nomi-</strong></span> 
     </span>
     <span class='ocr_line' id='line_1_4' title="bbox 50 405 869 472; baseline 0.001 -16"><span class='ocrx_word' id='word_1_20' title='bbox 50 421 92 456; x_wconf 83' lang='lat' dir='ltr'><strong>na</strong></span> <span class='ocrx_word' id='word_1_21' title='bbox 103 405 202 456; x_wconf 83' lang='lat' dir='ltr'><strong>verius</strong></span> <span class='ocrx_word' id='word_1_22' title='bbox 213 419 293 472; x_wconf 86' lang='lat' dir='ltr'><strong>quam</strong></span> <span class='ocrx_word' id='word_1_23' title='bbox 303 406 416 467; x_wconf 85' lang='lat' dir='ltr'><strong>auxilia,</strong></span> <span class='ocrx_word' id='word_1_24' title='bbox 427 414 492 472; x_wconf 87' lang='lat' dir='ltr'><strong>post</strong></span> <span class='ocrx_word' id='word_1_25' title='bbox 502 421 600 457; x_wconf 88' lang='lat' dir='ltr'><strong>currus</strong></span> <span class='ocrx_word' id='word_1_26' title='bbox 612 412 699 456; x_wconf 87' lang='lat' dir='ltr'><strong>erant.</strong></span> <span class='ocrx_word' id='word_1_27' title='bbox 727 408 767 456; x_wconf 88' lang='lat' dir='ltr'><strong>io.</strong></span> <span class='ocrx_word' id='word_1_28' title='bbox 787 405 869 458; x_wconf 83' lang='lat' dir='ltr'><strong>Clau-</strong></span> 
     </span>
     <span class='ocr_line' id='line_1_5' title="bbox 4 469 869 540; baseline 0.005 -20"><span class='ocrx_word' id='word_1_29' title='bbox 4 479 5 520; x_wconf 79' lang='lat'>}</span> <span class='ocrx_word' id='word_1_30' title='bbox 52 472 182 524; x_wconf 84' lang='lat' dir='ltr'><strong>debatur</strong></span> <span class='ocrx_word' id='word_1_31' title='bbox 193 469 247 522; x_wconf 92' lang='lat' dir='ltr'><strong>hoc</strong></span> <span class='ocrx_word' id='word_1_32' title='bbox 257 488 355 540; x_wconf 81' lang='lat' dir='ltr'><strong>agmen</strong></span> <span class='ocrx_word' id='word_1_33' title='bbox 374 473 438 528; x_wconf 87' lang='lat' dir='ltr'><strong>aiiis</strong></span> <span class='ocrx_word' id='word_1_34' title='bbox 457 472 570 526; x_wconf 83' lang='lat' dir='ltr'><strong>falcatis</strong></span> <span class='ocrx_word' id='word_1_35' title='bbox 590 472 717 524; x_wconf 84' lang='lat' dir='ltr'><strong>curribus</strong></span> <span class='ocrx_word' id='word_1_36' title='bbox 737 475 800 540; x_wconf 91' lang='lat' dir='ltr'><strong>quin</strong></span> <span class='ocrx_word' id='word_1_37' title='bbox 823 489 869 524; x_wconf 89' lang='lat' dir='ltr'><strong>ua-</strong></span> 
     </span>
     <span class='ocr_line' id='line_1_6' title="bbox 4 541 869 608; baseline 0.002 -18"><span class='ocrx_word' id='word_1_38' title='bbox 4 553 5 556; x_wconf 72' lang='grc'>’</span> <span class='ocrx_word' id='word_1_39' title='bbox 52 543 152 608; x_wconf 80' lang='lat' dir='ltr'><strong>ginta:</strong></span> <span class='ocrx_word' id='word_1_40' title='bbox 174 543 235 605; x_wconf 87' lang='lat' dir='ltr'><strong>quis</strong></span> <span class='ocrx_word' id='word_1_41' title='bbox 254 541 431 608; x_wconf 78' lang='lat' dir='ltr'><strong>peregrinum</strong></span> <span class='ocrx_word' id='word_1_42' title='bbox 450 543 566 592; x_wconf 88' lang='lat' dir='ltr'><strong>militem</strong></span> <span class='ocrx_word' id='word_1_43' title='bbox 578 541 752 591; x_wconf 82' lang='lat' dir='ltr'><strong>adiunxerat.</strong></span> <span class='ocrx_word' id='word_1_44' title='bbox 816 555 869 592; x_wconf 88' lang='lat' dir='ltr'><strong>unc</strong></span> 
     </span>
     <span class='ocr_line' id='line_1_7' title="bbox 4 603 869 725; baseline 0.001 -68"><span class='ocrx_word' id='word_1_45' title='bbox 4 661 5 678; x_wconf 19' lang='grc' dir='ltr'>ἶ</span> <span class='ocrx_word' id='word_1_46' title='bbox 53 607 193 669; x_wconf 79' lang='lat' dir='ltr'>Armenii,</span> <span class='ocrx_word' id='word_1_47' title='bbox 205 623 274 725; x_wconf 72' lang='lat' dir='ltr'><strong>quos</strong></span> <span class='ocrx_word' id='word_1_48' title='bbox 284 611 406 659; x_wconf 88' lang='lat' dir='ltr'><strong>minores</strong></span> <span class='ocrx_word' id='word_1_49' title='bbox 417 603 531 670; x_wconf 67' lang='lat' dir='ltr'><strong>v&#39;ocant3</strong></span> <span class='ocrx_word' id='word_1_50' title='bbox 550 607 696 678; x_wconf 71' lang='lat' dir='ltr'><strong>Marenios</strong></span> <span class='ocrx_word' id='word_1_51' title='bbox 707 606 869 674; x_wconf 79' lang='lat' dir='ltr'><strong>Babylonii3</strong></span> 
     </span>
     <span class='ocr_line' id='line_1_8' title="bbox 4 673 869 743; baseline 0 -19"><span class='ocrx_word' id='word_1_52' title='bbox 4 701 5 706; x_wconf 65' lang='lat'><em>=</em></span> <span class='ocrx_word' id='word_1_53' title='bbox 52 681 196 742; x_wconf 90' lang='lat' dir='ltr'><strong>utrosque</strong></span> <span class='ocrx_word' id='word_1_54' title='bbox 231 676 326 738; x_wconf 86' lang='lat' dir='ltr'><strong>eiitae,</strong></span> <span class='ocrx_word' id='word_1_55' title='bbox 346 683 375 727; x_wconf 86' lang='lat' dir='ltr'><strong>et</strong></span> <span class='ocrx_word' id='word_1_56' title='bbox 385 677 431 743; x_wconf 92' lang='lat' dir='ltr'><strong>qui</strong></span> <span class='ocrx_word' id='word_1_57' title='bbox 447 683 557 726; x_wconf 85' lang='lat' dir='ltr'><strong>montes</strong></span> <span class='ocrx_word' id='word_1_58' title='bbox 568 673 754 726; x_wconf 82' lang='lat' dir='ltr'><strong>Cossaeorum</strong></span> <span class='ocrx_word' id='word_1_59' title='bbox 765 674 869 724; x_wconf 82' lang='lat' dir='ltr'><strong>incole·</strong></span> 
     </span>
     <span class='ocr_line' id='line_1_9' title="bbox 52 741 869 809; baseline -0.001 -17"><span class='ocrx_word' id='word_1_60' title='bbox 52 743 136 803; x_wconf 86' lang='lat' dir='ltr'><strong>bant,</strong></span> <span class='ocrx_word' id='word_1_61' title='bbox 148 743 346 809; x_wconf 77' lang='lat' dir='ltr'><strong>sequebantur.</strong></span> <span class='ocrx_word' id='word_1_62' title='bbox 374 745 414 792; x_wconf 89' lang='grc'><strong>11.</strong></span> <span class='ocrx_word' id='word_1_63' title='bbox 429 743 498 794; x_wconf 85' lang='lat' dir='ltr'><strong>Post</strong></span> <span class='ocrx_word' id='word_1_64' title='bbox 508 742 560 792; x_wconf 91' lang='lat' dir='ltr'><strong>hos</strong></span> <span class='ocrx_word' id='word_1_65' title='bbox 571 743 648 792; x_wconf 84' lang='lat' dir='ltr'><strong>ibant</strong></span> <span class='ocrx_word' id='word_1_66' title='bbox 658 741 792 798; x_wconf 82' lang='lat' dir='ltr'><strong>Gortuae,</strong></span> <span class='ocrx_word' id='word_1_67' title='bbox 804 755 869 807; x_wconf 85' lang='lat' dir='ltr'><strong>gen-</strong></span> 
     </span>
     <span class='ocr_line' id='line_1_10' title="bbox 54 809 869 877; baseline -0.001 -18"><span class='ocrx_word' id='word_1_68' title='bbox 54 809 94 859; x_wconf 84' lang='lat' dir='ltr'><strong>tis</strong></span> <span class='ocrx_word' id='word_1_69' title='bbox 106 809 481 876; x_wconf 81' lang='lat' dir='ltr'><strong>quideanuboicue,Medos</strong></span> <span class='ocrx_word' id='word_1_70' title='bbox 495 810 634 877; x_wconf 89' lang='lat' dir='ltr'><strong>quondum</strong></span> <span class='ocrx_word' id='word_1_71' title='bbox 645 809 744 870; x_wconf 88' lang='lat' dir='ltr'><strong>secuti,</strong></span> <span class='ocrx_word' id='word_1_72' title='bbox 755 809 804 858; x_wconf 86' lang='lat' dir='ltr'><strong>sed</strong></span> <span class='ocrx_word' id='word_1_73' title='bbox 815 809 869 858; x_wconf 89' lang='lat' dir='ltr'><strong>iam</strong></span> 
     </span>
     <span class='ocr_line' id='line_1_11' title="bbox 54 874 869 944; baseline -0.001 -17"><span class='ocrx_word' id='word_1_74' title='bbox 54 877 227 944; x_wconf 84' lang='lat' dir='ltr'><strong>degeneres,</strong></span> <span class='ocrx_word' id='word_1_75' title='bbox 248 884 277 928; x_wconf 87' lang='lat' dir='ltr'><strong>et</strong></span> <span class='ocrx_word' id='word_1_76' title='bbox 296 878 380 943; x_wconf 85' lang='lat' dir='ltr'><strong>patrii</strong></span> <span class='ocrx_word' id='word_1_77' title='bbox 399 878 487 929; x_wconf 87' lang='lat' dir='ltr'><strong>moris</strong></span> <span class='ocrx_word' id='word_1_78' title='bbox 502 876 603 944; x_wconf 83' lang='lat' dir='ltr'><strong>ignari.</strong></span> <span class='ocrx_word' id='word_1_79' title='bbox 637 877 816 943; x_wconf 74' lang='lat' dir='ltr'><strong>applicuerat</strong></span> <span class='ocrx_word' id='word_1_80' title='bbox 826 874 869 926; x_wconf 91' lang='lat' dir='ltr'><strong>his</strong></span> 
     </span>
     <span class='ocr_line' id='line_1_12' title="bbox 54 942 869 1012; baseline -0.002 -17"><span class='ocrx_word' id='word_1_81' title='bbox 54 942 190 1012; x_wconf 76' lang='lat' dir='ltr'><strong>Phrygas</strong></span> <span class='ocrx_word' id='word_1_82' title='bbox 201 951 231 995; x_wconf 88' lang='lat' dir='ltr'><strong>et</strong></span> <span class='ocrx_word' id='word_1_83' title='bbox 244 946 394 997; x_wconf 78' lang='lat' dir='ltr'><strong>Cataonas.</strong></span> <span class='ocrx_word' id='word_1_84' title='bbox 429 943 650 1012; x_wconf 79' lang='lat' dir='ltr'><strong>Parthyaeorum</strong></span> <span class='ocrx_word' id='word_1_85' title='bbox 670 945 772 996; x_wconf 86' lang='lat' dir='ltr'><strong>deinde</strong></span> <span class='ocrx_word' id='word_1_86' title='bbox 790 957 869 1012; x_wconf 77' lang='lat' dir='ltr'><strong>gens,</strong></span> 
     </span>
     <span class='ocr_line' id='line_1_13' title="bbox 47 999 869 1080; baseline 0 -18"><span class='ocrx_word' id='word_1_87' title='bbox 47 999 244 1064; x_wconf 81' lang='lat' dir='ltr'><strong>&#39;incolentium</strong></span> <span class='ocrx_word' id='word_1_88' title='bbox 256 1019 357 1072; x_wconf 85' lang='lat' dir='ltr'><strong>terras,</strong></span> <span class='ocrx_word' id='word_1_89' title='bbox 377 1027 445 1080; x_wconf 91' lang='lat' dir='ltr'><strong>quas</strong></span> <span class='ocrx_word' id='word_1_90' title='bbox 456 1029 527 1064; x_wconf 87' lang='lat' dir='ltr'><strong>nunc</strong></span> <span class='ocrx_word' id='word_1_91' title='bbox 539 1011 634 1064; x_wconf 83' lang='lat' dir='ltr'><strong>Parthi</strong></span> <span class='ocrx_word' id='word_1_92' title='bbox 646 1011 763 1080; x_wconf 83' lang='lat' dir='ltr'><strong>Scythia</strong></span> <span class='ocrx_word' id='word_1_93' title='bbox 776 1009 869 1078; x_wconf 76' lang='lat' dir='ltr'><strong>profe·</strong></span> 
     </span>
     <span class='ocr_line' id='line_1_14' title="bbox 56 1079 870 1148; baseline -0.001 -17"><span class='ocrx_word' id='word_1_94' title='bbox 56 1080 96 1131; x_wconf 87' lang='lat' dir='ltr'><strong>cti</strong></span> <span class='ocrx_word' id='word_1_95' title='bbox 117 1085 227 1142; x_wconf 87' lang='lat' dir='ltr'><strong>tenent,</strong></span> <span class='ocrx_word' id='word_1_96' title='bbox 247 1079 415 1130; x_wconf 81' lang='lat' dir='ltr'><strong>claudebant</strong></span> <span class='ocrx_word' id='word_1_97' title='bbox 428 1095 537 1148; x_wconf 83' lang='lat' dir='ltr'><strong>agmen.</strong></span> <span class='ocrx_word' id='word_1_98' title='bbox 572 1079 652 1131; x_wconf 81' lang='lat' dir='ltr'><strong>Haec</strong></span> <span class='ocrx_word' id='word_1_99' title='bbox 662 1080 769 1132; x_wconf 87' lang='lat' dir='ltr'><strong>sinistri</strong></span> <span class='ocrx_word' id='word_1_100' title='bbox 781 1094 870 1130; x_wconf 87' lang='lat' dir='ltr'><strong>cornu</strong></span> 
     </span>
     <span class='ocr_line' id='line_1_15' title="bbox 56 1144 869 1200; baseline 0.001 -3"><span class='ocrx_word' id='word_1_101' title='bbox 56 1149 138 1198; x_wconf 86' lang='lat' dir='ltr'><strong>acies</strong></span> <span class='ocrx_word' id='word_1_102' title='bbox 149 1144 213 1197; x_wconf 79' lang='lat' dir='ltr'><strong>tuit.</strong></span> <span class='ocrx_word' id='word_1_103' title='bbox 249 1148 289 1197; x_wconf 79' lang='lat'><strong>12.</strong></span> <span class='ocrx_word' id='word_1_104' title='bbox 310 1145 443 1199; x_wconf 81' lang='lat' dir='ltr'><strong>Dextrum</strong></span> <span class='ocrx_word' id='word_1_105' title='bbox 458 1150 573 1200; x_wconf 87' lang='lat' dir='ltr'><strong>tenebat</strong></span> <span class='ocrx_word' id='word_1_106' title='bbox 591 1149 669 1199; x_wconf 87' lang='lat' dir='ltr'><strong>natio</strong></span> <span class='ocrx_word' id='word_1_107' title='bbox 692 1148 806 1198; x_wconf 78' lang='lat' dir='ltr'><strong>maioris</strong></span> <span class='ocrx_word' id='word_1_108' title='bbox 819 1147 869 1198; x_wconf 75' lang='lat' dir='ltr'><strong>Ar·</strong></span> 
     </span>
     <span class='ocr_line' id='line_1_16' title="bbox 54 1213 867 1284; baseline 0.004 -20"><span class='ocrx_word' id='word_1_109' title='bbox 54 1215 181 1275; x_wconf 81' lang='lat' dir='ltr'><strong>maniae,</strong></span> <span class='ocrx_word' id='word_1_110' title='bbox 192 1213 371 1280; x_wconf 79' lang='lat' dir='ltr'><strong>Cadusiique,</strong></span> <span class='ocrx_word' id='word_1_111' title='bbox 383 1223 411 1266; x_wconf 86' lang='lat' dir='ltr'><strong>et</strong></span> <span class='ocrx_word' id='word_1_112' title='bbox 421 1216 612 1284; x_wconf 82' lang='lat' dir='ltr'><strong>Cappadoces,</strong></span> <span class='ocrx_word' id='word_1_113' title='bbox 623 1225 651 1267; x_wconf 90' lang='lat' dir='ltr'><strong>et</strong></span> <span class='ocrx_word' id='word_1_114' title='bbox 660 1215 733 1284; x_wconf 84' lang='lat' dir='ltr'><strong>Syri,</strong></span> <span class='ocrx_word' id='word_1_115' title='bbox 745 1222 773 1266; x_wconf 84' lang='lat' dir='ltr'><strong>et</strong></span> <span class='ocrx_word' id='word_1_116' title='bbox 781 1215 867 1267; x_wconf 84' lang='lat' dir='ltr'><strong>Medi.</strong></span> 
     </span>
     <span class='ocr_line' id='line_1_17' title="bbox 55 1279 867 1351; baseline 0.004 -19"><span class='ocrx_word' id='word_1_117' title='bbox 55 1283 114 1333; x_wconf 80' lang='lat' dir='ltr'><strong>liis</strong></span> <span class='ocrx_word' id='word_1_118' title='bbox 136 1295 247 1348; x_wconf 84' lang='lat' dir='ltr'><strong>quoque</strong></span> <span class='ocrx_word' id='word_1_119' title='bbox 267 1279 363 1333; x_wconf 82' lang='lat' dir='ltr'><strong>falcati</strong></span> <span class='ocrx_word' id='word_1_120' title='bbox 379 1297 475 1334; x_wconf 86' lang='lat' dir='ltr'><strong>currus</strong></span> <span class='ocrx_word' id='word_1_121' title='bbox 487 1290 568 1334; x_wconf 89' lang='lat' dir='ltr'><strong>erant</strong></span> <span class='ocrx_word' id='word_1_122' title='bbox 577 1281 787 1351; x_wconf 78' lang='lat' dir='ltr'><strong>quinquaginta.</strong></span> <span class='ocrx_word' id='word_1_123' title='bbox 827 1283 867 1335; x_wconf 82' lang='grc'><strong>13.</strong></span> 
     </span>
     <span class='ocr_line' id='line_1_18' title="bbox 57 1349 868 1419; baseline 0 -17"><span class='ocrx_word' id='word_1_124' title='bbox 57 1349 174 1402; x_wconf 85' lang='lat' dir='ltr'><strong>Sumnra</strong></span> <span class='ocrx_word' id='word_1_125' title='bbox 193 1349 281 1400; x_wconf 85' lang='lat' dir='ltr'><strong>totius</strong></span> <span class='ocrx_word' id='word_1_126' title='bbox 302 1353 451 1413; x_wconf 84' lang='lat' dir='ltr'><strong>exercitus,</strong></span> <span class='ocrx_word' id='word_1_127' title='bbox 472 1353 583 1419; x_wconf 78' lang='lat' dir='ltr'><strong>equites</strong></span> <span class='ocrx_word' id='word_1_128' title='bbox 595 1349 734 1419; x_wconf 86' lang='lat' dir='ltr'><strong>[centum]</strong></span> <span class='ocrx_word' id='word_1_129' title='bbox 750 1351 868 1419; x_wconf 84' lang='lat' dir='ltr'><strong>quadra·</strong></span> 
     </span>
     <span class='ocr_line' id='line_1_19' title="bbox 81 1417 867 1487; baseline 0.003 -21"><span class='ocrx_word' id='word_1_130' title='bbox 81 1418 140 1467; x_wconf 91' lang='lat' dir='ltr'><strong>&#39;nta</strong></span> <span class='ocrx_word' id='word_1_131' title='bbox 150 1417 270 1484; x_wconf 88' lang='lat' dir='ltr'><strong>quinque</strong></span> <span class='ocrx_word' id='word_1_132' title='bbox 281 1419 380 1468; x_wconf 82' lang='lat' dir='ltr'><strong>miliia:</strong></span> <span class='ocrx_word' id='word_1_133' title='bbox 399 1419 537 1486; x_wconf 87' lang='lat' dir='ltr'><strong>pedestris</strong></span> <span class='ocrx_word' id='word_1_134' title='bbox 548 1417 799 1487; x_wconf 82' lang='lat' dir='ltr'><strong>acies[sex]centa</strong></span> <span class='ocrx_word' id='word_1_135' title='bbox 808 1419 867 1469; x_wconf 87' lang='lat' dir='ltr'><strong>mii·</strong></span> 
     </span>
     <span class='ocr_line' id='line_1_20' title="bbox 72 1483 870 1539; baseline 0.003 -5"><span class='ocrx_word' id='word_1_136' title='bbox 72 1487 100 1534; x_wconf 83' lang='lat' dir='ltr'><strong>&#39;a</strong></span> <span class='ocrx_word' id='word_1_137' title='bbox 117 1498 153 1535; x_wconf 82' lang='lat' dir='ltr'><strong>ex</strong></span> <span class='ocrx_word' id='word_1_138' title='bbox 171 1483 287 1535; x_wconf 81' lang='lat' dir='ltr'><strong>leverat.</strong></span> <span class='ocrx_word' id='word_1_139' title='bbox 323 1485 386 1537; x_wconf 82' lang='lat' dir='ltr'><strong>Hoc</strong></span> <span class='ocrx_word' id='word_1_140' title='bbox 405 1487 488 1536; x_wconf 80' lang='lat' dir='ltr'><strong>niodo</strong></span> <span class='ocrx_word' id='word_1_141' title='bbox 509 1487 638 1538; x_wconf 76' lang='lat' dir='ltr'><strong>instructi</strong></span> <span class='ocrx_word' id='word_1_142' title='bbox 659 1487 755 1538; x_wconf 84' lang='lat' dir='ltr'><strong>decern</strong></span> <span class='ocrx_word' id='word_1_143' title='bbox 777 1487 870 1539; x_wconf 88' lang='lat' dir='ltr'><strong>stadia</strong></span> 
     </span>
     <span class='ocr_line' id='line_1_21' title="bbox 59 1499 869 1620; baseline 0.005 -18"><span class='ocrx_word' id='word_1_144' title='bbox 59 1499 229 1619; x_wconf 57' lang='lat' dir='ltr'><strong>procedunt:</strong></span> <span class='ocrx_word' id='word_1_145' title='bbox 240 1552 365 1619; x_wconf 86' lang='lat' dir='ltr'><strong>iussique</strong></span> <span class='ocrx_word' id='word_1_146' title='bbox 373 1554 535 1614; x_wconf 75' lang='lat' dir='ltr'><strong>subsistere,</strong></span> <span class='ocrx_word' id='word_1_147' title='bbox 545 1556 644 1605; x_wconf 78' lang='lat' dir='ltr'><strong>arnrati</strong></span> <span class='ocrx_word' id='word_1_148' title='bbox 653 1553 761 1606; x_wconf 87' lang='lat' dir='ltr'><strong>bostem</strong></span> <span class='ocrx_word' id='word_1_149' title='bbox 771 1568 869 1620; x_wconf 81' lang='lat' dir='ltr'><strong>exspe-</strong></span> 
     </span>
     <span class='ocr_line' id='line_1_22' title="bbox 60 1618 869 1686; baseline 0.001 -15"><span class='ocrx_word' id='word_1_150' title='bbox 60 1619 183 1671; x_wconf 87' lang='lat' dir='ltr'><strong>ctabant.</strong></span> <span class='ocrx_word' id='word_1_151' title='bbox 221 1618 262 1669; x_wconf 81' lang='lat' dir='ltr'><strong>li.</strong></span> <span class='ocrx_word' id='word_1_152' title='bbox 279 1619 428 1670; x_wconf 80' lang='lat' dir='ltr'><strong>Alexandri</strong></span> <span class='ocrx_word' id='word_1_153' title='bbox 440 1621 593 1671; x_wconf 85' lang='lat' dir='ltr'><strong>exercitum</strong></span> <span class='ocrx_word' id='word_1_154' title='bbox 605 1637 700 1686; x_wconf 84' lang='lat' dir='ltr'><strong>pavor,</strong></span> <span class='ocrx_word' id='word_1_155' title='bbox 714 1622 793 1672; x_wconf 88' lang='lat' dir='ltr'><strong>cuius</strong></span> <span class='ocrx_word' id='word_1_156' title='bbox 804 1636 869 1672; x_wconf 90' lang='lat' dir='ltr'><strong>cau-</strong></span> 
     </span>
     <span class='ocr_line' id='line_1_23' title="bbox 62 1687 869 1766; baseline -0.005 -26"><span class='ocrx_word' id='word_1_157' title='bbox 62 1703 96 1740; x_wconf 88' lang='lat' dir='ltr'><strong>sa</strong></span> <span class='ocrx_word' id='word_1_158' title='bbox 115 1701 170 1736; x_wconf 88' lang='lat' dir='ltr'><strong>non</strong></span> <span class='ocrx_word' id='word_1_159' title='bbox 189 1687 314 1766; x_wconf 65' lang='lat' dir='ltr'><strong>suberat,</strong></span> <span class='ocrx_word' id='word_1_160' title='bbox 335 1687 448 1736; x_wconf 82' lang='lat' dir='ltr'><strong>invasit:</strong></span> <span class='ocrx_word' id='word_1_161' title='bbox 468 1690 569 1754; x_wconf 76' lang='lat' dir='ltr'><strong>quippe</strong></span> <span class='ocrx_word' id='word_1_162' title='bbox 581 1687 715 1754; x_wconf 78' lang='lat' dir='ltr'><strong>iymphati</strong></span> <span class='ocrx_word' id='word_1_163' title='bbox 726 1689 869 1754; x_wconf 84' lang='lat' dir='ltr'><strong>trepidare</strong></span> 
     </span>
     <span class='ocr_line' id='line_1_24' title="bbox 5 1755 870 1890; baseline -0.018 -15"><span class='ocrx_word' id='word_1_164' title='bbox 5 1785 7 1798; x_wconf 81' lang='lat'>‘</span> <span class='ocrx_word' id='word_1_165' title='bbox 61 1755 870 1890; x_wconf 55' lang='lat' dir='ltr'><strong>ttiiuiiriiziiiiiiiitiiiiiziiiiiiii:</strong></span> 
     </span>
     <span class='ocr_line' id='line_1_25' title="bbox 5 1888 871 1958; baseline -0.001 -17"><span class='ocrx_word' id='word_1_166' title='bbox 5 1893 6 1906; x_wconf 65' lang='lat'>¹</span> <span class='ocrx_word' id='word_1_167' title='bbox 61 1891 208 1952; x_wconf 89' lang='lat' dir='ltr'><strong>ternitens,</strong></span> <span class='ocrx_word' id='word_1_168' title='bbox 229 1890 302 1958; x_wconf 79' lang='lat' dir='ltr'><strong>ignis</strong></span> <span class='ocrx_word' id='word_1_169' title='bbox 321 1889 451 1956; x_wconf 82' lang='lat' dir='ltr'><strong>praebuit</strong></span> <span class='ocrx_word' id='word_1_170' title='bbox 470 1891 607 1956; x_wconf 74' lang='lat' dir='ltr'><strong>speciem3</strong></span> <span class='ocrx_word' id='word_1_171' title='bbox 636 1888 814 1955; x_wconf 78' lang='lat' dir='ltr'><strong>hanimasque</strong></span> <span class='ocrx_word' id='word_1_172' title='bbox 835 1903 871 1940; x_wconf 84' lang='lat' dir='ltr'><strong>ex</strong></span> 
     </span>
     <span class='ocr_line' id='line_1_26' title="bbox 5 1956 870 2025; baseline -0.006 -15"><span class='ocrx_word' id='word_1_173' title='bbox 5 1983 7 2010; x_wconf 58' lang='lat' dir='ltr'><strong>r</strong></span> <span class='ocrx_word' id='word_1_174' title='bbox 62 1958 142 2009; x_wconf 88' lang='lat' dir='ltr'><strong>Darii</strong></span> <span class='ocrx_word' id='word_1_175' title='bbox 153 1959 277 2008; x_wconf 78' lang='lat' dir='ltr'><strong>castrias</strong></span> <span class='ocrx_word' id='word_1_176' title='bbox 297 1957 420 2018; x_wconf 85' lang='lat' dir='ltr'><strong>iendere,</strong></span> <span class='ocrx_word' id='word_1_177' title='bbox 429 1957 506 2008; x_wconf 84' lang='lat' dir='ltr'><strong>velut</strong></span> <span class='ocrx_word' id='word_1_178' title='bbox 516 1957 588 2008; x_wconf 88' lang='lat' dir='ltr'><strong>illati</strong></span> <span class='ocrx_word' id='word_1_179' title='bbox 597 1963 703 2008; x_wconf 82' lang='lat' dir='ltr'><strong>temere</strong></span> <span class='ocrx_word' id='word_1_180' title='bbox 712 1956 870 2025; x_wconf 85' lang='lat' dir='ltr'><strong>praesidiis,</strong></span> 
     </span>
     <span class='ocr_line' id='line_1_27' title="bbox 64 1973 871 2093; baseline -0.004 -16"><span class='ocrx_word' id='word_1_181' title='bbox 64 2024 225 2077; x_wconf 87' lang='lat' dir='ltr'><strong>credebant.</strong></span> <span class='ocrx_word' id='word_1_182' title='bbox 255 1973 296 2074; x_wconf 51' lang='lat' dir='ltr'><strong>lh.</strong></span> <span class='ocrx_word' id='word_1_183' title='bbox 313 2025 421 2086; x_wconf 76' lang='lat' dir='ltr'><strong>Quodsi</strong></span> <span class='ocrx_word' id='word_1_184' title='bbox 431 2026 568 2093; x_wconf 76' lang='lat' dir='ltr'><strong>percuisis</strong></span> <span class='ocrx_word' id='word_1_185' title='bbox 579 2026 723 2088; x_wconf 83' lang='lat' dir='ltr'><strong>Mazaeus,</strong></span> <span class='ocrx_word' id='word_1_186' title='bbox 734 2027 780 2093; x_wconf 94' lang='lat' dir='ltr'><strong>qui</strong></span> <span class='ocrx_word' id='word_1_187' title='bbox 792 2038 871 2091; x_wconf 87' lang='lat' dir='ltr'><strong>prae-</strong></span> 
     </span>
     <span class='ocr_line' id='line_1_28' title="bbox 65 2092 873 2174; baseline -0.006 -28"><span class='ocrx_word' id='word_1_188' title='bbox 65 2092 175 2146; x_wconf 84' lang='lat' dir='ltr'><strong>sidebat</strong></span> <span class='ocrx_word' id='word_1_189' title='bbox 191 2092 295 2153; x_wconf 88' lang='lat' dir='ltr'><strong>itineri,</strong></span> <span class='ocrx_word' id='word_1_190' title='bbox 317 2095 535 2174; x_wconf 69' lang='lat' dir='ltr'><strong>supervenisset,</strong></span> <span class='ocrx_word' id='word_1_191' title='bbox 553 2095 653 2162; x_wconf 81' lang='lat' dir='ltr'><strong>ingens</strong></span> <span class='ocrx_word' id='word_1_192' title='bbox 672 2093 767 2146; x_wconf 80' lang='lat' dir='ltr'><strong>clades</strong></span> <span class='ocrx_word' id='word_1_193' title='bbox 781 2092 873 2158; x_wconf 82' lang='lat' dir='ltr'><strong>accipi</strong></span> 
     </span>
     <span class='ocr_line' id='line_1_29' title="bbox 5 2159 872 2309; baseline -0.003 -28"><span class='ocrx_word' id='word_1_194' title='bbox 5 2205 6 2212; x_wconf 67' lang='lat'>‘</span> <span class='ocrx_word' id='word_1_195' title='bbox 64 2159 872 2309; x_wconf 57' lang='lat' dir='ltr'><strong>{iiiiiiiitiii:uitiis‘’iiiiiiiii‘iigtiii</strong></span> 
     </span>
     <span class='ocr_line' id='line_1_30' title="bbox 65 2295 871 2365; baseline 0.001 -19"><span class='ocrx_word' id='word_1_196' title='bbox 65 2309 170 2364; x_wconf 77' lang='lat' dir='ltr'><strong>pavore</strong></span> <span class='ocrx_word' id='word_1_197' title='bbox 181 2295 330 2358; x_wconf 84' lang='lat' dir='ltr'><strong>exercitus,</strong></span> <span class='ocrx_word' id='word_1_198' title='bbox 345 2297 454 2362; x_wconf 82' lang='lat' dir='ltr'><strong>signum</strong></span> <span class='ocrx_word' id='word_1_199' title='bbox 465 2302 497 2346; x_wconf 91' lang='lat' dir='ltr'><strong>ut</strong></span> <span class='ocrx_word' id='word_1_200' title='bbox 506 2299 694 2349; x_wconf 82' lang='lat' dir='ltr'><strong>consisterent</strong></span> <span class='ocrx_word' id='word_1_201' title='bbox 704 2295 774 2357; x_wconf 87' lang='lat' dir='ltr'><strong>dari,</strong></span> <span class='ocrx_word' id='word_1_202' title='bbox 794 2311 871 2365; x_wconf 79' lang='lat' dir='ltr'><strong>ipsos</strong></span> 
     </span>
     <span class='ocr_line' id='line_1_31' title="bbox 66 2361 870 2430; baseline 0.001 -14"><span class='ocrx_word' id='word_1_203' title='bbox 66 2377 143 2416; x_wconf 81' lang='lat' dir='ltr'><strong>arma</strong></span> <span class='ocrx_word' id='word_1_204' title='bbox 153 2361 303 2430; x_wconf 80' lang='lat' dir='ltr'><strong>deponere,</strong></span> <span class='ocrx_word' id='word_1_205' title='bbox 315 2377 348 2414; x_wconf 90' lang='lat' dir='ltr'><strong>ac</strong></span> <span class='ocrx_word' id='word_1_206' title='bbox 358 2363 452 2414; x_wconf 80' lang='lat' dir='ltr'><strong>levare</strong></span> <span class='ocrx_word' id='word_1_207' title='bbox 463 2379 582 2430; x_wconf 82' lang='lat' dir='ltr'><strong>corpora</strong></span> <span class='ocrx_word' id='word_1_208' title='bbox 599 2365 687 2427; x_wconf 87' lang='lat' dir='ltr'><strong>iubet,</strong></span> <span class='ocrx_word' id='word_1_209' title='bbox 709 2365 870 2428; x_wconf 85' lang='lat' dir='ltr'><strong>admonens,</strong></span> 
     </span>
     <span class='ocr_line' id='line_1_32' title="bbox 66 2429 873 2500; baseline -0.001 -16"><span class='ocrx_word' id='word_1_210' title='bbox 66 2430 170 2484; x_wconf 88' lang='lat' dir='ltr'><strong>nullam</strong></span> <span class='ocrx_word' id='word_1_211' title='bbox 183 2429 268 2482; x_wconf 83' lang='lat' dir='ltr'><strong>subiti</strong></span> <span class='ocrx_word' id='word_1_212' title='bbox 288 2445 399 2483; x_wconf 85' lang='lat' dir='ltr'><strong>causam</strong></span> <span class='ocrx_word' id='word_1_213' title='bbox 420 2445 482 2482; x_wconf 86' lang='lat' dir='ltr'><strong>esse</strong></span> <span class='ocrx_word' id='word_1_214' title='bbox 501 2431 624 2496; x_wconf 86' lang='lat' dir='ltr'><strong>timoris;</strong></span> <span class='ocrx_word' id='word_1_215' title='bbox 645 2431 753 2484; x_wconf 86' lang='lat' dir='ltr'><strong>hostem</strong></span> <span class='ocrx_word' id='word_1_216' title='bbox 774 2433 873 2500; x_wconf 80' lang='lat' dir='ltr'><strong>procui</strong></span> 
     </span>
     <span class='ocr_line' id='line_1_33' title="bbox 67 2497 873 2580; baseline 0.001 -30"><span class='ocrx_word' id='word_1_217' title='bbox 67 2509 149 2552; x_wconf 83' lang='lat' dir='ltr'><strong>stare.</strong></span> <span class='ocrx_word' id='word_1_218' title='bbox 186 2497 227 2550; x_wconf 90' lang='grc'><strong>17.</strong></span> <span class='ocrx_word' id='word_1_219' title='bbox 244 2499 370 2550; x_wconf 86' lang='lat' dir='ltr'><strong>Tandem</strong></span> <span class='ocrx_word' id='word_1_220' title='bbox 389 2506 534 2580; x_wconf 74' lang='lat' dir='ltr'><strong>consputas</strong></span> <span class='ocrx_word' id='word_1_221' title='bbox 555 2502 608 2562; x_wconf 87' lang='lat' dir='ltr'><strong>sui,</strong></span> <span class='ocrx_word' id='word_1_222' title='bbox 628 2501 733 2567; x_wconf 81' lang='lat' dir='ltr'><strong>pariter</strong></span> <span class='ocrx_word' id='word_1_223' title='bbox 753 2516 830 2552; x_wconf 78' lang='lat' dir='ltr'><strong>amia</strong></span> <span class='ocrx_word' id='word_1_224' title='bbox 843 2507 873 2551; x_wconf 89' lang='lat' dir='ltr'><strong>et</strong></span> 
     </span>
     <span class='ocr_line' id='line_1_34' title="bbox 68 2567 872 2640; baseline -0.002 -21"><span class='ocrx_word' id='word_1_225' title='bbox 68 2567 174 2619; x_wconf 86' lang='lat' dir='ltr'><strong>animos</strong></span> <span class='ocrx_word' id='word_1_226' title='bbox 183 2581 330 2634; x_wconf 71' lang='lat' dir='ltr'><strong>recuperes</strong></span> <span class='ocrx_word' id='word_1_227' title='bbox 352 2567 564 2634; x_wconf 79' lang='lat' dir='ltr'><strong>necquidquam</strong></span> <span class='ocrx_word' id='word_1_228' title='bbox 578 2583 612 2620; x_wconf 80' lang='lat' dir='ltr'><strong>es</strong></span> <span class='ocrx_word' id='word_1_229' title='bbox 624 2569 817 2640; x_wconf 79' lang='lat' dir='ltr'><strong>praesentibus</strong></span> <span class='ocrx_word' id='word_1_230' title='bbox 830 2575 872 2618; x_wconf 87' lang='lat' dir='ltr'><strong>tu·</strong></span> 
     </span>
     <span class='ocr_line' id='line_1_35' title="bbox 66 2633 870 2702; baseline -0.005 -16"><span class='ocrx_word' id='word_1_231' title='bbox 66 2637 122 2686; x_wconf 74' lang='lat' dir='ltr'><strong>tius</strong></span> <span class='ocrx_word' id='word_1_232' title='bbox 131 2635 220 2686; x_wconf 68' lang='lat' dir='ltr'><strong>nsum</strong></span> <span class='ocrx_word' id='word_1_233' title='bbox 232 2641 285 2696; x_wconf 89' lang='lat' dir='ltr'><strong>est,</strong></span> <span class='ocrx_word' id='word_1_234' title='bbox 296 2649 376 2702; x_wconf 90' lang='lat' dir='ltr'><strong>quam</strong></span> <span class='ocrx_word' id='word_1_235' title='bbox 388 2634 487 2686; x_wconf 83' lang='lat' dir='ltr'><strong>eodem</strong></span> <span class='ocrx_word' id='word_1_236' title='bbox 500 2635 564 2686; x_wconf 90' lang='lat' dir='ltr'><strong>ioco</strong></span> <span class='ocrx_word' id='word_1_237' title='bbox 575 2643 667 2688; x_wconf 87' lang='lat' dir='ltr'><strong>castra</strong></span> <span class='ocrx_word' id='word_1_238' title='bbox 676 2638 793 2688; x_wconf 88' lang='lat' dir='ltr'><strong>munire.</strong></span> <span class='ocrx_word' id='word_1_239' title='bbox 830 2633 870 2684; x_wconf 84' lang='grc'><strong>18.</strong></span> 
     </span>
     <span class='ocr_line' id='line_1_36' title="bbox 7 2699 873 2779; baseline -0.003 -25"><span class='ocrx_word' id='word_1_240' title='bbox 7 2735 11 2779; x_wconf 58' lang='lat' dir='ltr'><strong>q</strong></span> <span class='ocrx_word' id='word_1_241' title='bbox 68 2703 185 2755; x_wconf 83' lang='lat' dir='ltr'><strong>Postero</strong></span> <span class='ocrx_word' id='word_1_242' title='bbox 196 2701 243 2753; x_wconf 83' lang='lat' dir='ltr'><strong>die</strong></span> <span class='ocrx_word' id='word_1_243' title='bbox 253 2699 398 2767; x_wconf 77' lang='lat' dir='ltr'><strong>Mazaeus,</strong></span> <span class='ocrx_word' id='word_1_244' title='bbox 407 2703 456 2770; x_wconf 88' lang='lat' dir='ltr'><strong>qui</strong></span> <span class='ocrx_word' id='word_1_245' title='bbox 468 2717 531 2754; x_wconf 85' lang='lat' dir='ltr'><strong>cunr</strong></span> <span class='ocrx_word' id='word_1_246' title='bbox 541 2703 660 2756; x_wconf 86' lang='lat' dir='ltr'><strong>deiectis</strong></span> <span class='ocrx_word' id='word_1_247' title='bbox 670 2706 795 2774; x_wconf 81' lang='lat' dir='ltr'><strong>equitum</strong></span> <span class='ocrx_word' id='word_1_248' title='bbox 806 2701 835 2752; x_wconf 89' lang='lat' dir='ltr'><strong>in</strong></span> <span class='ocrx_word' id='word_1_249' title='bbox 844 2713 873 2752; x_wconf 85' lang='lat' dir='ltr'><strong>e·</strong></span> 
     </span>
    </p>
   </div>
   <div class='ocr_carea' id='block_1_3' title="bbox 0 0 1049 3034">
    <p class='ocr_par' dir='ltr' id='par_1_3' title="bbox 0 0 1049 3034">
     <span class='ocr_line' id='line_1_37' title="bbox 0 0 1049 3034; baseline 0 0"><span class='ocrx_word' id='word_1_250' title='bbox 0 0 1049 3034; x_wconf 95' lang='lat' dir='ltr'><strong> </strong></span> 
     </span>
    </p>
   </div>
  </div>
 </body>
</html>
