2048 3034
278 173 424 226 LIBER
449 173 496 226 vl.
526 175 623 227 CAP.
651 177 676 226 ¹l.
735 197 736 201 ¹
833 171 884 229 24!

15 323 16 346 ,
75 275 190 327 tulisset
199 275 349 326 indicione
366 273 407 328 26.
418 271 511 344 Atque
522 277 572 327 illo
583 275 697 339 fatente,
703 277 757 330 lam
768 279 884 330 temtum

15 347 18 394 l
75 359 154 405 esse3
166 345 342 406 existimans,
354 341 426 394 haud
436 347 600 410 incorrupta
610 343 664 394 lide
675 349 751 396 tanto
759 353 827 416 post
837 347 883 398 de-

72 411 152 461 ferre
163 425 233 476 quae
245 411 384 473 audierat,
394 413 495 462 vinciri
506 424 567 462 eom
579 411 669 462 iussit.
706 413 746 462 27.
765 414 816 466 llle
828 416 883 466 ola·

72 479 176 528 mitare
187 479 288 544 eoepit,
302 480 401 530 eodem
409 481 545 546 temporis
555 484 710 540 momento,
723 495 777 545 quo
789 483 880 532 audis-

72 551 129 608 set,
150 545 184 595 ad
199 544 337 596 Philotam
357 545 528 598 decurrisse:
550 547 583 598 ab
604 561 639 596 eo
659 551 879 612 percontaretur.

69 613 116 664 28.
136 611 196 664 Rex
205 613 272 664 item
284 627 431 680 quaerens,
452 630 487 666 an
498 612 638 664 Philotam
650 609 774 663 adisset'i
795 629 828 664 an
839 617 879 666 in·

69 681 195 732 stitisset
206 681 240 745 ei,
260 682 461 748 uiperveniret
472 681 506 732 ad
517 680 566 732 sel
585 685 783 746 perseverante
796 695 831 732 eo
842 681 881 732 ai-

69 750 187 799 firmare
197 763 267 816 quae
279 749 402 811 dixerat3
412 762 509 799 manus
520 749 555 799 ad
566 748 675 799 coelum
687 749 814 811 tendens,
825 765 881 800 ma-

69 816 203 867 nantibus
222 815 355 879 lacrimis,
375 815 447 866 bane
467 816 521 867 sibi
541 830 557 866 a
576 817 721 867 carissimo
742 817 882 882 quondam

67 885 227 935 amicorum
247 883 365 934 relatam
386 885 506 952 gratiam
524 883 700 950 querebatur.
740 883 781 934 29.
806 883 883 935 Inter

66 951 143 1002 haee
153 951 285 1012 Dimnus,
305 950 379 1000 haud
392 952 508 1018 ignarus
526 966 606 1017 quam
620 951 655 1001 ob
667 965 778 1002 causam
789 965 882 1003 eroes·

66 1021 184 1070 seretur
195 1033 302 1084 ange,
315 1018 422 1086 gladlo,
437 1033 491 1086 quo
503 1017 577 1069 iorte
588 1024 649 1068 erat
661 1020 778 1083 tinetas,
789 1019 881 1088 gravi·

15 1099 17 1138 ?
64 1095 116 1138 ter
127 1099 158 1136 se
169 1085 306 1146 vulnerat,
319 1101 436 1137 occursu
456 1101 492 1137 ue
499 1085 650 1138 satellitum
661 1084 807 1148 inhibitus,
820 1101 881 1155 per·

15 1169 16 1172 ¹
65 1155 165 1206 fertur
175 1153 204 1202 ln
216 1167 246 1204 re
267 1153 331 1204 iarn.
369 1153 410 1208 3⁰.
430 1101 518 1216 iguem
534 1155 643 1206 intuens
658 1169 716 1216 rex,
740 1154 819 1222 quod,
838 1156 881 1206 in-

15 1287 16 1290 *
66 1223 147 1292 quit,
157 1219 186 1271 in
198 1229 236 1282 te,
282 1219 357 1283 mne,
370 1229 473 1273 tantum
483 1221 604 1290 cogitavi
611 1221 688 1292 nefas
695 1261 702 1286 ‚
718 1231 750 1274 ut
759 1221 810 1274 liii
819 1221 879 1275 Ma·

66 1289 201 1342 aedanum
216 1305 300 1358 regno
314 1289 423 1358 dignior
432 1289 554 1341 Philotas
567 1305 609 1341 me
622 1304 726 1358 quaque
739 1289 797 1360 ipso
807 1289 877 1343 aide·

65 1357 167 1410 retur?
185 1357 265 1408 lllum
276 1357 330 1426 iam
343 1357 487 1410 defecerat
497 1373 559 1410 vox.
594 1358 691 1426 ltaque
703 1359 780 1410 edito
791 1360 878 1426 gemi-

65 1438 108 1489 tu,
121 1425 254 1492 vultuque
266 1438 283 1474 a
293 1431 445 1492 conspectu
454 1427 530 1494 regis
541 1439 651 1488 averso,
662 1427 780 1478 subinde
791 1427 877 1478 oolla·

65 1509 137 1562 psus
159 1493 355 1560 exstinguitur.
392 1494 434 1544 al.
454 1495 522 1556 Rex,
543 1492 657 1542 Philota
676 1496 772 1544 venire
792 1495 820 1543 in
836 1509 878 1544 re-

66 1565 144 1630 giam
158 1561 246 1625 iusso,
259 1559 408 1620 Cebalinus,
420 1561 518 1626 inquit,
528 1559 650 1610 ultimam
659 1557 816 1639 supplicium
826 1575 878 1612 me-

66 1629 148 1689 ritur,
170 1626 234 1676 siin
249 1631 331 1692 capnt
345 1641 430 1677 meum
437 1635 616 1692 praeparatas
627 1625 737 1678 insidias
749 1627 828 1678 hiduo
840 1635 876 1678 te-

66 1697 118 1758 xit,
142 1693 221 1744 liuius
232 1692 351 1744 criminis
361 1705 436 1744 reum
446 1692 582 1744 Philotam
591 1692 736 1755 substituit,
757 1695 794 1743 ad
802 1709 879 1762 quem

65 1762 195 1831 protinus
204 1759 333 1820 indicium
343 1759 465 1812 detulisse
475 1775 503 1810 se
514 1759 646 1840 affirmat.
683 1761 724 1810 32.
746 1759 806 1822 Quo
813 1775 878 1827 pro·

63 1832 146 1902 piore
153 1829 246 1898 gradu
256 1828 393 1880 amicitiae
401 1845 442 1880 me
452 1825 599 1896 nonnagis,
620 1827 671 1878 doe
680 1826 767 1878 maius
779 1832 819 1878 est
828 1827 878 1877 dir-

15 1929 16 1932 =
67 1896 249 1950 simulationis
257 1895 453 1966 tuaesaeinutr
463 1903 490 1948 et
498 1912 548 1964 ego
558 1894 684 1947 Cebalino
695 1893 880 1964 imaginantur

15 1975 16 1986 ³
69 1961 206 2026 Philotae,
224 1963 255 2014 id
269 1964 410 2016 conuenire
415 1963 523 2036 fateor.
559 1961 706 2017 Faventem
717 1962 799 2014 linies
810 1961 878 2013 iudi-

15 2025 17 2046 '
67 2032 172 2095 eem,si,
180 2033 250 2098 quod
260 2033 367 2084 admitti
375 2050 429 2084 non
440 2030 665 2100 oportuiaraltem
676 2029 774 2100 negari
778 2037 878 2098 potest.

67 2104 108 2154 33.
130 2101 172 2152 dd
184 2099 252 2152 haee
263 2100 391 2152 Philotas
403 2100 475 2152 haud
490 2115 556 2151 sane
570 2100 710 2167 trepidus,
731 2101 756 2150 si
770 2099 878 2149 animus

67 2172 147 2222 voltu
158 2170 365 2231 aestimaretur,
377 2169 538 2219 Cebalinum
552 2167 664 2235 quidem
676 2167 763 2219 scorti
774 2181 878 2216 sermo-

67 2253 131 2289 nem
143 2234 219 2288 adse
231 2237 382 2301 detulisse3
394 2237 443 2288 sed
454 2237 544 2302 ipsum
555 2243 611 2286 tam
621 2237 678 2286 levi
688 2233 799 2286 auctori
809 2231 879 2284 nihil

66 2304 235 2366 credidisse,
241 2305 400 2371 respondit3
411 2303 579 2365 veritum,ne
590 2303 711 2372 iurgium
722 2303 796 2353 inter
804 2317 877 2354 ama-

15 2421 17 2434 ,
64 2387 161 2425 torem
179 2379 208 2422 et
222 2374 362 2424 exoletum
378 2388 434 2423 non
451 2372 511 2422 sine
523 2371 709 2422 risu'sliorum
720 2369 876 2423 detulisset.

15 2451 17 2506 ξ
66 2442 109 2492 34.
133 2439 224 2500 Quum
234 2441 351 2492 Dimnus
367 2439 541 2492 interemerit
555 2453 584 2490 se
599 2440 698 2504 ipsum,
718 2439 877 2507 qualiacun-

15 2513 25 2593 ι
50 2547 53 2552 .
67 2523 123 2576 que
136 2513 230 2570 erant,
243 2523 299 2558 nnn
309 2508 398 2559 fuisse
408 2508 561 2559 reticenda.
599 2506 823 2576 complexusque
833 2521 877 2556 re-

66 2591 133 2644 gem
146 2589 228 2628 orare
239 2575 342 2642 eoepit}
354 2583 385 2626 ut
395 2575 573 2643 praeteritam
585 2575 670 2626 vitam
680 2575 782 2644 potius,
795 2587 877 2641 quam

65 2646 189 2712 eulpam,
212 2644 320 2695 silentii
329 2650 430 2705 tamen,
450 2659 505 2694 non
517 2641 585 2693 laeti
596 2642 689 2705 ullius,
711 2644 877 2706 intueretur.

64 2711 109 2764 35.
129 2711 214 2762 Haud
225 2709 311 2761 laeile
326 2710 452 2774 dixerim,
474 2711 662 2766 credideritne
674 2712 700 2762 ei
715 2725 774 2774 rex,
794 2707 879 2759 anal-
