2048 3034
80 181 131 234 184
298 181 468 244 Quler
495 179 662 232 cuu'rll

79 290 240 353 coeperunt.
264 284 304 335 16.
322 284 424 351 ingens
433 285 514 334 ruina
524 297 657 350 equorum
669 283 889 349 aurigarumque

78 355 166 404 aciem
177 352 374 418 compleuerat.
390 353 427 402 lii
437 351 551 403 territos
563 364 663 418 regere
673 364 729 400 non
739 355 887 415 poterant;

78 421 142 488 equi
158 419 256 470 crebra
275 421 428 470 iactatione
449 420 587 470 cervicum
607 433 663 468 non
680 419 777 484 iugum
798 418 886 469 modo

77 495 268 550 excusserant,
279 488 329 538 sed
341 489 424 538 etiarn
435 501 533 537 currus
544 491 710 536 everterant.
736 484 886 537 Vulnerati

77 554 243 606 interfectos
255 555 416 607 trahebant:
427 569 478 606 nec
490 554 646 604 consistere
653 552 754 613 territi,
763 565 885 620 necpro-

78 622 157 691 gredi
179 623 287 674 debiles
307 629 444 690 poterant.
482 623 522 672 Π.
542 621 755 672 Paucaetamen
767 633 887 672 evasere

78 691 230 759 quadrigae
241 693 270 742 in
280 692 404 742 ultimam
415 690 513 752 aciem,
532 689 577 752 iis,
599 688 699 756 quibus
712 688 884 750 inciderunt,

77 758 231 810 miserabili
251 766 341 810 morte
363 759 527 809 consumtis:
547 758 647 825 quippe
658 762 800 824 amputata
809 757 886 807 viro·

77 841 138 876 rum
148 826 271 877 membra
289 825 365 878 humi
383 827 527 888 iacebant3
547 825 652 893 etquia
672 825 772 874 calidis
791 823 886 875 adhuc

78 895 239 945 vulneribus
258 895 355 945 aberat
372 894 462 956 dolor,
483 894 574 944 trunci
594 898 748 960 quoquest
764 892 883 954 debiles,

33 995 35 1001 -
77 977 153 1013 arma
165 959 288 1030 [tamen]
300 977 355 1011 non
367 961 546 1021 omittebant3
560 960 659 1020 donec,
672 960 759 1010 multo
771 975 820 1010 san
844 962 884 1010 ui·

77 1045 112 1080 ue
123 1029 224 1090 effuso,
236 1030 385 1080 exanimati
396 1029 619 1095 procumberent.
641 1028 680 1078 18.
692 1028 806 1079 interim
857 1041 887 1078 e·

70 1103 130 1158 tes,
152 1094 327 1164 Scytharum,
348 1097 393 1164 qui
403 1097 602 1162 impedimenta
615 1097 793 1162 diripiebant,
812 1095 885 1146 duee

79 1165 185 1223 occiso,
195 1165 308 1230 gravius
321 1165 427 1214 territis
437 1164 567 1214 instabat.
604 1164 796 1230 Supervenere
807 1163 887 1214 dein·

78 1231 113 1282 de
124 1232 230 1282 missia
240 1230 327 1281 Dario
339 1231 663 1298 Bactriani‚pngnaeque
674 1237 783 1282 vertere
794 1229 885 1283 fortu-

79 1313 150 1349 nam.
159 1327 166 1338 ψ
187 1297 270 1348 Multi
280 1311 348 1365 ergo
360 1298 544 1350 Macedonum
556 1301 643 1366 primo
659 1301 764 1368 impetu
784 1299 886 1349 obtriti

1 1419 9 1435 x
78 1372 155 1418 sunt:
174 1366 268 1430 plures
288 1367 324 1418 ad
337 1367 522 1418 Alexandrum
542 1366 713 1434 refugerunt.
752 1366 792 1417 lt.
812 1369 887 1417 'l'um

1 1453 2 1457 ¹
79 1433 321 1496 Persae,clam0re
332 1434 452 1496 sublato,
460 1435 570 1502 qualem
582 1439 702 1487 victores
714 1435 808 1485 solent
819 1436 887 1486 ede-

78 1517 119 1563 re,
140 1499 276 1554 ferociter
292 1503 321 1553 in
341 1501 460 1565 hostem,
480 1504 560 1571 quasi
579 1505 682 1572 ubique
694 1501 887 1569 profligatum,

78 1571 230 1622 incurrunt.
266 1571 424 1622 Alexander
433 1573 548 1622 territos
560 1573 709 1639 castigare,
729 1569 888 1634 adhortari,

78 1637 229 1706 proelium,
250 1640 399 1706 quodiam
419 1639 596 1707 elanguerat,
617 1640 694 1690 solus
716 1639 888 1704 accendere;

80 1706 306 1774 confirmatisque
316 1707 428 1758 tandem
439 1709 548 1770 animis,
567 1709 609 1759 ire
630 1709 659 1758 in
674 1706 783 1758 hostem
796 1707 888 1759 iubet.

79 1777 120 1826 ll).
132 1775 233 1827 Rarior
243 1777 318 1828 acies
330 1783 391 1827 erat
401 1776 797 1828 indentrocornuPersarum:
810 1791 890 1825 nam-

80 1857 133 1908 que
143 1843 208 1894 inde
218 1844 361 1895 Bactriani
372 1845 561 1895 discesserant
580 1843 614 1894 ad
635 1842 817 1910 opprimenda
835 1845 888 1894 im-

79 1911 247 1975 pedimenta.
283 1911 327 1962 lta
348 1926 382 1961 ue
391 1910 549 1962 Alexander
559 1912 670 1963 laxatos
685 1911 797 1962 ordines
808 1912 888 1962 inva-

79 1977 130 2038 dit,
141 1985 169 2028 et
178 1979 266 2030 multa
276 1927 362 2027 casae
373 1975 495 2028 hostium
505 1978 654 2030 invehitur.
690 1981 732 2029 21.
751 1980 786 2029 nt
798 1980 888 2044 quiin

78 2045 161 2095 laevo
172 2061 259 2095 cornu
269 2051 350 2094 erant
360 2043 474 2105 Persae,
481 2060 629 2112 spe‚posse
640 2061 702 2098 eum
715 2047 890 2114 including.

78 2127 142 2163 men
161 2127 240 2162 suum
254 2127 271 2160 a
280 2118 362 2177 tergo
373 2110 531 2167 dimicantis
541 2133 543 2138 ·
552 2121 708 2181 opponunt:
726 2115 888 2182 ingensque

78 2179 233 2244 periculum
243 2179 273 2228 in
283 2179 377 2229 medio
389 2175 507 2231 haerens
517 2181 633 2245 adisset,
645 2183 671 2232 ni
684 2183 792 2248 equites
804 2182 888 2250 Agri-

79 2247 123 2295 ani
136 2247 292 2297 calcaribus
303 2245 682 2318 subditiscireumiusosregi
691 2249 827 2300 barbaros
839 2249 891 2301 ad·

81 2314 136 2363 orti
157 2319 261 2375 essent,
277 2328 447 2381 aversosque
467 2317 610 2368 caedendo
619 2319 648 2368 in
659 2333 690 2368 se
702 2317 812 2367 obverti
823 2320 891 2368 coli·

80 2381 197 2446 gissent.
232 2383 274 2431 Ἠ.
293 2381 418 2433 Turbata
429 2390 491 2435 erat
503 2392 622 2452 utraque
643 2385 728 2436 acies.
764 2383 892 2439 Alexan·

80 2449 131 2499 der
140 2454 192 2498 eta
202 2446 295 2500 fronte
307 2457 336 2500 et
346 2465 363 2500 a
373 2455 454 2517 tergo
470 2450 579 2503 hostem
599 2451 731 2504 babebat:
751 2454 798 2520 qui
809 2467 891 2508 aver-

78 2531 110 2566 so
123 2516 150 2566 ei
160 2515 310 2578 instabant,
332 2519 367 2569 ab
381 2517 513 2586 Agrianis
532 2520 667 2571 militibus
677 2521 892 2587 premebantura

79 2581 264 2646 etBactriani,
275 2585 481 2652 impedimentis
492 2586 615 2639 bostium
628 2588 755 2655 direptis,
767 2589 891 2656 reversi,

79 2651 191 2702 ordines
202 2666 269 2702 suos
279 2667 446 2719 recuperare
470 2671 525 2706 nun
541 2662 683 2720 poterant:
703 2656 783 2722 plura
802 2656 893 2707 simul

77 2717 195 2784 abrupta
205 2734 221 2769 a
231 2721 334 2772 ceteris
346 2723 466 2787 agmina,
485 2722 642 2789 ubicunque
665 2723 749 2774 alium
767 2721 816 2774 alii
826 2722 894 2774 fors
