2048 3034
287 167 437 219 LIBER
469 167 500 220 V.
531 170 624 221 CdP.
654 172 678 222 3.
831 175 879 226 2⁰1

75 284 131 339 qne
144 285 206 324 oum
219 270 405 322 Parmenione
416 273 520 337 copiis,
531 271 610 322 illum
621 277 769 341 campestri
779 277 882 330 itinere

74 340 231 407 procedere
246 339 336 400 inbet;
357 339 418 404 ipse
432 355 494 390 cum
509 339 641 405 expedito
658 344 766 408 agmine
786 346 884 411 iugum

74 407 213 460 montium
224 406 306 472 cepit,
327 421 444 472 quorum
454 415 619 473 perpetuum
630 407 741 460 dorsum
751 411 779 461 in
791 411 883 464 Persi-

76 477 141 527 dem
154 476 285 525 excurrit.
323 475 363 525 17,
384 474 467 525 Omni
478 473 530 525 hac
540 476 659 541 regione
669 483 786 538 uastata,
798 480 881 531 tertio

75 545 122 595 die
144 542 297 604 Persidem,
319 543 416 609 quinto
436 543 591 608 angustias,
612 557 682 609 quas
704 542 747 592 illi
767 544 881 598 Susidas

5 647 7 676 z
74 610 164 677 Pylas
174 616 283 670 vocant,
294 610 390 660 intrat.
423 609 628 660 Ariobarzanes
639 607 689 662 has
701 625 762 660 cum
774 610 883 679 [x1xv

5 736 6 749 ἵ
73 677 200 729 millibus
222 678 346 744 peditum
366 683 570 742 occupaverat,
590 691 675 743 rupes
695 677 835 730 abscissas
855 687 884 730 et

5 757 7 804 ξ
74 745 199 812 undique
217 755 392 812 praeruptas,
411 745 441 794 in
462 759 577 811 quarum
598 745 788 796 cacuminibus
802 754 885 798 extra

74 813 126 864 teli
149 815 254 864 iactum
275 813 389 863 barbari
405 811 525 871 stabant,
552 811 586 862 de
601 811 740 862 industria
753 815 842 880 quieti
856 821 885 865 et

74 881 242 948 parentibus
257 879 378 940 similes,
400 880 490 930 donee
504 878 533 928 in
545 881 717 930 arctissimas
728 879 826 934 fauces
837 895 884 947 pe·

70 955 200 1000 netrnret
210 961 321 1015 agmen.
358 945 399 997 18.
420 945 502 1006 Quod
517 945 564 996 ubi
577 953 719 998 contemtu
730 951 774 999 sui
786 963 884 1016 perge·

70 1031 103 1067 re
118 1015 226 1076 vident3
246 1023 304 1064 tum
318 1027 385 1064 vero
399 1013 522 1080 ingentis
538 1015 740 1080 magnitudinis
751 1031 820 1068 saxa
834 1031 884 1083 per

70 1083 212 1135 montium
222 1096 313 1149 prona
321 1080 485 1132 devolvunt:
497 1096 568 1148 quac
580 1082 692 1134 incussa
701 1084 883 1150 saepiussub·

71 1149 233 1204 iacentibus
245 1150 346 1215 petris,
357 1149 464 1202 maiore
473 1151 500 1199 vi
510 1149 680 1212 incidebant,
692 1166 744 1203 nec
754 1152 883 1220 singulos

71 1217 170 1280 modo,
181 1216 232 1268 sed
244 1218 355 1284 agmina
364 1217 553 1283 proterebant.
592 1217 632 1268 19.
652 1219 758 1272 Fundis
769 1235 883 1288 quoque

74 1286 189 1340 excussi
207 1285 316 1350 lapides
337 1291 366 1335 et
383 1286 504 1353 sagittae
524 1285 726 1352 ingerebantur
749 1283 880 1355 undique.

72 1355 134 1407 Nec
147 1352 177 1403 id
191 1355 376 1404 miserrimum
390 1352 510 1405 fortibus
521 1355 588 1404 viris
600 1361 673 1416 ernt3
694 1356 744 1407 sed
754 1357 829 1423 quod
841 1359 880 1408 in·

71 1424 135 1484 ulti,
155 1420 277 1472 ferarum
288 1421 351 1482 ritu,
371 1421 486 1472 velutin
496 1420 579 1472 fovea
590 1420 766 1488 deprehensi,
782 1425 881 1478 caede·

72 1496 178 1543 rentur.
215 1490 257 1540 20.
276 1489 321 1540 lra
340 1490 428 1556 igitur
446 1489 476 1538 in
492 1489 599 1540 rabiem
616 1495 708 1552 verse,
731 1493 883 1544 eminentia

73 1571 144 1610 saxa
154 1557 341 1624 complerint
350 1557 385 1607 ad
397 1554 507 1606 hostem
518 1557 704 1622 pervenirent,
713 1558 785 1608 alius
796 1560 882 1612 alium

74 1628 202 1678 levantes
215 1625 388 1676 conabantur
398 1623 580 1674 adscendere.
599 1624 641 1674 Ea
651 1625 720 1690 ipsa,
732 1627 881 1680 multorum

73 1693 158 1745 simul
166 1692 295 1745 manibus
306 1697 437 1756 correpta
448 1696 478 1741 et
488 1690 631 1752 convulsa,
642 1695 670 1741 in
683 1707 741 1752 eos,
751 1694 799 1759 qui
809 1707 882 1744 eorn-

72 1765 228 1822 moverant,
238 1758 411 1810 recidebant.
444 1759 490 1808 21.
510 1755 569 1808 Nec
580 1763 655 1808 stare
667 1773 745 1824 ergo,
757 1774 810 1809 nec
820 1761 882 1821 niti,

73 1843 126 1880 nec
135 1827 278 1880 testudine
290 1825 403 1894 quidem
413 1827 526 1892 protegi
535 1831 681 1890 poterant,
693 1840 776 1890 quum
788 1832 882 1877 tantae

72 1896 157 1948 molis
169 1909 256 1947 onera
265 1894 458 1961 propellerent
467 1892 590 1944 barbari.
616 1893 722 1959 Regem
733 1906 788 1944 non
800 1891 883 1944 dolor

72 1962 226 2025 modo,sed
234 1965 319 2014 etiam
329 1961 420 2028 pudor
429 1967 535 2012 temere
545 1961 574 2012 in
584 1960 649 2011 illas
661 1961 805 2027 angustias
817 1975 883 2012 con·

71 2032 142 2084 iecti
164 2032 305 2082 exercitus
325 2029 453 2096 angebat.
490 2031 532 2080 22.
552 2029 673 2081 Invictus
688 2029 795 2080 adeam
808 2027 882 2079 diem

6 2143 7 2154 ,
71 2099 176 2161 fuerat,
197 2097 268 2150 nihil
286 2097 393 2149 irustra
407 2112 505 2148 ausus:
525 2098 637 2162 impune
649 2095 766 2149 ciliciae
784 2093 883 2147 lauces

6 2163 7 2240 ᾗ
70 2170 240 2218 intraverat:
261 2165 332 2218 mari
346 2179 457 2233 quoque
472 2180 573 2215 novum
584 2166 677 2216 iterin
687 2161 882 2230 Pamphyliam

6 2249 7 2282 r
71 2251 89 2286 a
109 2241 233 2286 eruerat:
244 2240 311 2284 tunc
322 2231 480 2284 haesitabat
489 2230 667 2297 deprehensa
676 2231 815 2295 felicitas3
829 2245 882 2282 nec

89 2252 151 2356 huo
160 2303 314 2356 remedium
325 2305 394 2362 erat,
406 2314 487 2366 quam
497 2302 601 2350 reverti
614 2315 668 2366 qua
677 2305 802 2350 venerat.
838 2299 879 2350 13.

69 2373 172 2436 ltaque
183 2373 264 2438 signo
274 2367 402 2436 receptui
412 2368 493 2428 dato,
505 2367 630 2418 densatis
640 2365 808 2434 agminibus,
819 2382 880 2420 scu·

71 2442 170 2506 tisque
193 2453 277 2506 super
301 2437 395 2504 capita
417 2434 568 2496 consertis,
601 2441 678 2486 retro
702 2434 821 2487 evadere
845 2449 880 2490 ex

72 2506 215 2576 angustiis
230 2505 318 2557 iubet.
353 2502 435 2554 XXX
451 2501 530 2554 fuere
550 2502 650 2564 stadia,
669 2516 740 2570 quae
759 2504 880 2556 remensi

72 2582 148 2628 sunt.

69 2665 72 2674 ·
123 2641 171 2694 lV.
193 2643 264 2692 Tum
275 2640 375 2691 castris
385 2639 507 2705 undique
520 2644 616 2704 aperto
627 2637 692 2690 loco
723 2639 881 2700 ositis,non

71 2709 237 2765 consultare
247 2708 331 2759 modo
344 2707 410 2774 quid
421 2706 559 2774 agendum
570 2653 802 2768 esset,seshrates
813 2717 881 2771 quo·
