<?xml version="1.0" encoding="UTF-8"?>
<!DOCTYPE html PUBLIC "-//W3C//DTD XHTML 1.0 Transitional//EN"
    "http://www.w3.org/TR/xhtml1/DTD/xhtml1-transitional.dtd">
<html xmlns="http://www.w3.org/1999/xhtml" xml:lang="en" lang="en">
 <head>
  <title>
</title>
<meta http-equiv="Content-Type" content="text/html;charset=utf-8" />
  <meta name='ocr-system' content='tesseract 3.04.00' />
  <meta name='ocr-capabilities' content='ocr_page ocr_carea ocr_par ocr_line ocrx_word'/>
</head>
<body>
  <div class='ocr_page' id='page_1' title='image "./qcurtiirufidere00johagoog_0235.png"; bbox 0 0 2048 3034; ppageno 0'>
   <div class='ocr_carea' id='block_1_1' title="bbox 323 83 910 178">
    <p class='ocr_par' dir='ltr' id='par_1_1' title="bbox 323 83 910 178">
     <span class='ocr_line' id='line_1_1' title="bbox 323 83 910 178; baseline 0.005 -5"><span class='ocrx_word' id='word_1_1' title='bbox 323 121 695 178; x_wconf 67' lang='lat' dir='ltr'>preseverare.</span> <span class='ocrx_word' id='word_1_2' title='bbox 810 83 812 90; x_wconf 40' lang='lat'>¹</span> <span class='ocrx_word' id='word_1_3' title='bbox 860 125 910 176; x_wconf 83' lang='lat' dir='ltr'>us</span> 
     </span>
    </p>
   </div>
   <div class='ocr_carea' id='block_1_2' title="bbox 97 225 922 430">
    <p class='ocr_par' dir='ltr' id='par_1_2' title="bbox 97 225 922 430">
     <span class='ocr_line' id='line_1_2' title="bbox 97 225 911 294; baseline 0.005 -20"><span class='ocrx_word' id='word_1_4' title='bbox 97 231 163 274; x_wconf 52' lang='lat' dir='ltr'>‘tum</span> <span class='ocrx_word' id='word_1_5' title='bbox 174 225 283 290; x_wconf 82' lang='lat' dir='ltr'><strong>equites</strong></span> <span class='ocrx_word' id='word_1_6' title='bbox 294 230 535 294; x_wconf 76' lang='lat' dir='ltr'>congregaverant</span> <span class='ocrx_word' id='word_1_7' title='bbox 545 241 589 289; x_wconf 87' lang='lat' dir='ltr'>se,</span> <span class='ocrx_word' id='word_1_8' title='bbox 606 227 706 277; x_wconf 80' lang='lat' dir='ltr'>incerti</span> <span class='ocrx_word' id='word_1_9' title='bbox 718 225 820 288; x_wconf 90' lang='lat' dir='ltr'>adhuc,</span> <span class='ocrx_word' id='word_1_10' title='bbox 842 227 911 278; x_wconf 87' lang='lat' dir='ltr'>resi·</span> 
     </span>
     <span class='ocr_line' id='line_1_3' title="bbox 103 291 922 360; baseline 0.005 -18"><span class='ocrx_word' id='word_1_11' title='bbox 103 298 218 342; x_wconf 88' lang='lat' dir='ltr'>stereue</span> <span class='ocrx_word' id='word_1_12' title='bbox 230 291 329 344; x_wconf 90' lang='lat' dir='ltr'>melius</span> <span class='ocrx_word' id='word_1_13' title='bbox 341 301 424 356; x_wconf 84' lang='lat' dir='ltr'>esset,</span> <span class='ocrx_word' id='word_1_14' title='bbox 437 293 590 360; x_wconf 84' lang='lat' dir='ltr'>aufugere.</span> <span class='ocrx_word' id='word_1_15' title='bbox 627 292 668 342; x_wconf 79' lang='lat'>19.</span> <span class='ocrx_word' id='word_1_16' title='bbox 685 294 852 357; x_wconf 78' lang='lat' dir='ltr'>Alexander,</span> <span class='ocrx_word' id='word_1_17' title='bbox 860 293 922 346; x_wconf 91' lang='lat' dir='ltr'>ho··</span> 
     </span>
     <span class='ocr_line' id='line_1_4' title="bbox 102 359 911 430; baseline 0.006 -21"><span class='ocrx_word' id='word_1_18' title='bbox 102 362 189 410; x_wconf 86' lang='lat' dir='ltr'>stium</span> <span class='ocrx_word' id='word_1_19' title='bbox 200 359 387 426; x_wconf 81' lang='lat' dir='ltr'>trepidatione</span> <span class='ocrx_word' id='word_1_20' title='bbox 398 368 555 428; x_wconf 88' lang='lat' dir='ltr'>comperta,</span> <span class='ocrx_word' id='word_1_21' title='bbox 575 359 742 412; x_wconf 85' lang='lat' dir='ltr'>Nicanorem</span> <span class='ocrx_word' id='word_1_22' title='bbox 758 377 819 412; x_wconf 89' lang='lat' dir='ltr'>cum</span> <span class='ocrx_word' id='word_1_23' title='bbox 834 363 911 430; x_wconf 89' lang='lat' dir='ltr'>equi·</span> 
     </span>
    </p>
   </div>
   <div class='ocr_carea' id='block_1_3' title="bbox 7 426 910 497">
    <p class='ocr_par' dir='ltr' id='par_1_3' title="bbox 7 426 910 497">
     <span class='ocr_line' id='line_1_5' title="bbox 7 426 910 497; baseline 0.01 -22"><span class='ocrx_word' id='word_1_24' title='bbox 7 441 8 458; x_wconf 64' lang='lat'><em>³</em></span> <span class='ocrx_word' id='word_1_25' title='bbox 100 431 163 476; x_wconf 86' lang='lat' dir='ltr'>tum</span> <span class='ocrx_word' id='word_1_26' title='bbox 176 432 254 491; x_wconf 89' lang='lat' dir='ltr'>parte</span> <span class='ocrx_word' id='word_1_27' title='bbox 265 428 299 479; x_wconf 91' lang='lat' dir='ltr'>ad</span> <span class='ocrx_word' id='word_1_28' title='bbox 309 426 486 479; x_wconf 83' lang='lat' dir='ltr'>inhibendam</span> <span class='ocrx_word' id='word_1_29' title='bbox 497 427 591 497; x_wconf 84' lang='lat' dir='ltr'>fugam</span> <span class='ocrx_word' id='word_1_30' title='bbox 600 430 765 494; x_wconf 77' lang='lat' dir='ltr'>praemittitz</span> <span class='ocrx_word' id='word_1_31' title='bbox 775 432 836 495; x_wconf 87' lang='lat' dir='ltr'>ipse</span> <span class='ocrx_word' id='word_1_32' title='bbox 848 442 910 484; x_wconf 81' lang='lat' dir='ltr'>cum</span> 
     </span>
    </p>
   </div>
   <div class='ocr_carea' id='block_1_4' title="bbox 96 494 912 1710">
    <p class='ocr_par' dir='ltr' id='par_1_4' title="bbox 96 494 912 1710">
     <span class='ocr_line' id='line_1_6' title="bbox 102 494 909 559; baseline 0.007 -16"><span class='ocrx_word' id='word_1_33' title='bbox 102 494 210 544; x_wconf 82' lang='lat' dir='ltr'>ceteris</span> <span class='ocrx_word' id='word_1_34' title='bbox 220 494 353 559; x_wconf 83' lang='lat' dir='ltr'>sequitur.</span> <span class='ocrx_word' id='word_1_35' title='bbox 389 497 425 546; x_wconf 97' lang='lat' dir='ltr'>lll</span> <span class='ocrx_word' id='word_1_36' title='bbox 436 494 524 548; x_wconf 80' lang='lat' dir='ltr'>femie</span> <span class='ocrx_word' id='word_1_37' title='bbox 536 495 625 546; x_wconf 87' lang='lat' dir='ltr'>millia</span> <span class='ocrx_word' id='word_1_38' title='bbox 635 495 824 546; x_wconf 88' lang='lat' dir='ltr'>resistentium</span> <span class='ocrx_word' id='word_1_39' title='bbox 836 497 909 549; x_wconf 90' lang='lat' dir='ltr'>occi·</span> 
     </span>
     <span class='ocr_line' id='line_1_7' title="bbox 100 562 910 630; baseline 0.007 -19"><span class='ocrx_word' id='word_1_40' title='bbox 100 576 137 612; x_wconf 88' lang='lat' dir='ltr'>sa</span> <span class='ocrx_word' id='word_1_41' title='bbox 156 567 232 624; x_wconf 91' lang='lat' dir='ltr'>sunt;</span> <span class='ocrx_word' id='word_1_42' title='bbox 252 563 389 628; x_wconf 89' lang='lat' dir='ltr'>reliquum</span> <span class='ocrx_word' id='word_1_43' title='bbox 409 579 509 630; x_wconf 88' lang='lat' dir='ltr'>agmen</span> <span class='ocrx_word' id='word_1_44' title='bbox 527 578 606 615; x_wconf 93' lang='lat' dir='ltr'>more</span> <span class='ocrx_word' id='word_1_45' title='bbox 627 562 763 630; x_wconf 91' lang='lat' dir='ltr'>pecudum</span> <span class='ocrx_word' id='word_1_46' title='bbox 776 563 910 616; x_wconf 83' lang='lat' dir='ltr'>intectum</span> 
     </span>
     <span class='ocr_line' id='line_1_8' title="bbox 101 627 909 698; baseline 0.005 -20"><span class='ocrx_word' id='word_1_47' title='bbox 101 627 249 695; x_wconf 84' lang='lat' dir='ltr'>agebatur,</span> <span class='ocrx_word' id='word_1_48' title='bbox 259 631 373 682; x_wconf 87' lang='lat' dir='ltr'>iubente</span> <span class='ocrx_word' id='word_1_49' title='bbox 384 645 462 698; x_wconf 87' lang='lat' dir='ltr'>rege,</span> <span class='ocrx_word' id='word_1_50' title='bbox 473 637 503 681; x_wconf 90' lang='lat' dir='ltr'>ut</span> <span class='ocrx_word' id='word_1_51' title='bbox 513 632 646 682; x_wconf 87' lang='lat' dir='ltr'>caedibus</span> <span class='ocrx_word' id='word_1_52' title='bbox 657 629 854 682; x_wconf 84' lang='lat' dir='ltr'>abstineretur.</span> <span class='ocrx_word' id='word_1_53' title='bbox 867 634 909 682; x_wconf 82' lang='grc'>20.</span> 
     </span>
     <span class='ocr_line' id='line_1_9' title="bbox 98 695 910 764; baseline 0.002 -17"><span class='ocrx_word' id='word_1_54' title='bbox 98 695 192 747; x_wconf 86' lang='lat' dir='ltr'>Nemo</span> <span class='ocrx_word' id='word_1_55' title='bbox 203 699 376 764; x_wconf 89' lang='lat' dir='ltr'>captivorum</span> <span class='ocrx_word' id='word_1_56' title='bbox 387 706 460 760; x_wconf 87' lang='lat' dir='ltr'>erat,</span> <span class='ocrx_word' id='word_1_57' title='bbox 480 700 528 764; x_wconf 92' lang='lat' dir='ltr'>qui</span> <span class='ocrx_word' id='word_1_58' title='bbox 542 704 697 748; x_wconf 86' lang='lat' dir='ltr'>monstrare</span> <span class='ocrx_word' id='word_1_59' title='bbox 708 697 788 748; x_wconf 87' lang='lat' dir='ltr'>Darii</span> <span class='ocrx_word' id='word_1_60' title='bbox 799 695 910 749; x_wconf 88' lang='lat' dir='ltr'>vehicu-</span> 
     </span>
     <span class='ocr_line' id='line_1_10' title="bbox 100 764 910 832; baseline 0.004 -19"><span class='ocrx_word' id='word_1_61' title='bbox 100 764 160 814; x_wconf 86' lang='lat' dir='ltr'>lum</span> <span class='ocrx_word' id='word_1_62' title='bbox 172 770 280 830; x_wconf 85' lang='lat' dir='ltr'>posset:</span> <span class='ocrx_word' id='word_1_63' title='bbox 302 765 420 832; x_wconf 88' lang='lat' dir='ltr'>singuli,</span> <span class='ocrx_word' id='word_1_64' title='bbox 431 773 463 814; x_wconf 90' lang='lat' dir='ltr'>ut</span> <span class='ocrx_word' id='word_1_65' title='bbox 472 779 598 832; x_wconf 90' lang='lat' dir='ltr'>quaeque</span> <span class='ocrx_word' id='word_1_66' title='bbox 610 764 824 831; x_wconf 80' lang='lat' dir='ltr'>prehenderaut,</span> <span class='ocrx_word' id='word_1_67' title='bbox 836 780 910 816; x_wconf 88' lang='lat' dir='ltr'>scru-</span> 
     </span>
     <span class='ocr_line' id='line_1_11' title="bbox 98 831 911 900; baseline 0.002 -18"><span class='ocrx_word' id='word_1_68' title='bbox 98 831 243 895; x_wconf 86' lang='lat' dir='ltr'>tabantur;</span> <span class='ocrx_word' id='word_1_69' title='bbox 256 846 307 883; x_wconf 90' lang='lat' dir='ltr'>nec</span> <span class='ocrx_word' id='word_1_70' title='bbox 317 839 410 883; x_wconf 87' lang='lat' dir='ltr'>tamen</span> <span class='ocrx_word' id='word_1_71' title='bbox 422 832 507 883; x_wconf 90' lang='lat' dir='ltr'>ullum</span> <span class='ocrx_word' id='word_1_72' title='bbox 521 834 670 900; x_wconf 88' lang='lat' dir='ltr'>vestigium</span> <span class='ocrx_word' id='word_1_73' title='bbox 681 831 766 899; x_wconf 83' lang='lat' dir='ltr'>fugae</span> <span class='ocrx_word' id='word_1_74' title='bbox 776 833 853 899; x_wconf 87' lang='lat' dir='ltr'>regis</span> <span class='ocrx_word' id='word_1_75' title='bbox 865 847 911 884; x_wconf 85' lang='lat' dir='ltr'>ex·</span> 
     </span>
     <span class='ocr_line' id='line_1_12' title="bbox 100 898 912 952; baseline 0 -2"><span class='ocrx_word' id='word_1_76' title='bbox 100 898 207 950; x_wconf 86' lang='lat' dir='ltr'>stabat.</span> <span class='ocrx_word' id='word_1_77' title='bbox 220 912 222 916; x_wconf 84' lang='grc'><strong>’</strong></span> <span class='ocrx_word' id='word_1_78' title='bbox 244 901 286 949; x_wconf 84' lang='grc'>21.</span> <span class='ocrx_word' id='word_1_79' title='bbox 305 899 495 951; x_wconf 85' lang='lat' dir='ltr'>Festinantem</span> <span class='ocrx_word' id='word_1_80' title='bbox 505 900 691 952; x_wconf 79' lang='lat' dir='ltr'>Alexandrum</span> <span class='ocrx_word' id='word_1_81' title='bbox 702 901 749 951; x_wconf 86' lang='lat' dir='ltr'>vix</span> <span class='ocrx_word' id='word_1_82' title='bbox 758 901 814 952; x_wconf 88' lang='lat' dir='ltr'>tria</span> <span class='ocrx_word' id='word_1_83' title='bbox 824 899 912 951; x_wconf 86' lang='lat' dir='ltr'>millia</span> 
     </span>
     <span class='ocr_line' id='line_1_13' title="bbox 100 967 911 1036; baseline 0.001 -19"><span class='ocrx_word' id='word_1_84' title='bbox 100 967 227 1032; x_wconf 88' lang='lat' dir='ltr'>equitum</span> <span class='ocrx_word' id='word_1_85' title='bbox 246 974 394 1031; x_wconf 87' lang='lat' dir='ltr'>persecuta</span> <span class='ocrx_word' id='word_1_86' title='bbox 408 973 480 1018; x_wconf 85' lang='lat' dir='ltr'>suut.</span> <span class='ocrx_word' id='word_1_87' title='bbox 516 969 551 1019; x_wconf 78' lang='lat' dir='ltr'>st</span> <span class='ocrx_word' id='word_1_88' title='bbox 567 968 594 1018; x_wconf 91' lang='lat' dir='ltr'>iu</span> <span class='ocrx_word' id='word_1_89' title='bbox 612 983 671 1028; x_wconf 84' lang='lat' dir='ltr'>eos,</span> <span class='ocrx_word' id='word_1_90' title='bbox 694 968 741 1036; x_wconf 88' lang='lat' dir='ltr'>qui</span> <span class='ocrx_word' id='word_1_91' title='bbox 753 967 857 1024; x_wconf 81' lang='lat' dir='ltr'>lentius</span> <span class='ocrx_word' id='word_1_92' title='bbox 868 983 911 1018; x_wconf 90' lang='lat' dir='ltr'>se-</span> 
     </span>
     <span class='ocr_line' id='line_1_14' title="bbox 100 1033 909 1103; baseline 0.001 -20"><span class='ocrx_word' id='word_1_93' title='bbox 100 1033 269 1101; x_wconf 86' lang='lat' dir='ltr'>quebantur,</span> <span class='ocrx_word' id='word_1_94' title='bbox 289 1034 451 1086; x_wconf 84' lang='lat' dir='ltr'>incidebant</span> <span class='ocrx_word' id='word_1_95' title='bbox 465 1035 595 1086; x_wconf 84' lang='lat' dir='ltr'>universa</span> <span class='ocrx_word' id='word_1_96' title='bbox 607 1034 775 1103; x_wconf 81' lang='lat' dir='ltr'>fugientium</span> <span class='ocrx_word' id='word_1_97' title='bbox 789 1035 909 1102; x_wconf 80' lang='lat' dir='ltr'>agmina.</span> 
     </span>
     <span class='ocr_line' id='line_1_15' title="bbox 97 1101 911 1170; baseline 0 -18"><span class='ocrx_word' id='word_1_98' title='bbox 97 1103 145 1152; x_wconf 83' lang='grc'>22.</span> <span class='ocrx_word' id='word_1_99' title='bbox 167 1101 221 1152; x_wconf 85' lang='lat' dir='ltr'>Vix</span> <span class='ocrx_word' id='word_1_100' title='bbox 232 1101 365 1152; x_wconf 80' lang='lat' dir='ltr'>credibile</span> <span class='ocrx_word' id='word_1_101' title='bbox 377 1101 461 1164; x_wconf 90' lang='lat' dir='ltr'>dictu,</span> <span class='ocrx_word' id='word_1_102' title='bbox 483 1103 576 1170; x_wconf 85' lang='lat' dir='ltr'>plures</span> <span class='ocrx_word' id='word_1_103' title='bbox 588 1104 700 1170; x_wconf 87' lang='lat' dir='ltr'>captivi,</span> <span class='ocrx_word' id='word_1_104' title='bbox 716 1119 798 1170; x_wconf 89' lang='lat' dir='ltr'>quam</span> <span class='ocrx_word' id='word_1_105' title='bbox 809 1103 854 1170; x_wconf 91' lang='lat' dir='ltr'>qui</span> <span class='ocrx_word' id='word_1_106' title='bbox 867 1118 911 1154; x_wconf 84' lang='lat' dir='ltr'>ca-</span> 
     </span>
     <span class='ocr_line' id='line_1_16' title="bbox 96 1169 911 1235; baseline 0.002 -17"><span class='ocrx_word' id='word_1_107' title='bbox 96 1173 209 1235; x_wconf 86' lang='lat' dir='ltr'>perent,</span> <span class='ocrx_word' id='word_1_108' title='bbox 230 1175 320 1220; x_wconf 86' lang='lat' dir='ltr'>erant:</span> <span class='ocrx_word' id='word_1_109' title='bbox 341 1169 411 1222; x_wconf 92' lang='lat' dir='ltr'>adeo</span> <span class='ocrx_word' id='word_1_110' title='bbox 428 1185 536 1224; x_wconf 85' lang='lat' dir='ltr'>omnem</span> <span class='ocrx_word' id='word_1_111' title='bbox 550 1187 661 1223; x_wconf 87' lang='lat' dir='ltr'>sensum</span> <span class='ocrx_word' id='word_1_112' title='bbox 676 1172 781 1223; x_wconf 87' lang='lat' dir='ltr'>territis</span> <span class='ocrx_word' id='word_1_113' title='bbox 796 1169 911 1221; x_wconf 84' lang='lat' dir='ltr'>fortuna</span> 
     </span>
     <span class='ocr_line' id='line_1_17' title="bbox 97 1236 909 1306; baseline 0.004 -21"><span class='ocrx_word' id='word_1_114' title='bbox 97 1236 164 1303; x_wconf 91' lang='lat' dir='ltr'>peni</span> <span class='ocrx_word' id='word_1_115' title='bbox 199 1245 394 1300; x_wconf 88' lang='lat' dir='ltr'>sexcusserat,</span> <span class='ocrx_word' id='word_1_116' title='bbox 415 1245 446 1289; x_wconf 94' lang='lat' dir='ltr'>ut</span> <span class='ocrx_word' id='word_1_117' title='bbox 456 1254 507 1290; x_wconf 89' lang='lat' dir='ltr'>neo</span> <span class='ocrx_word' id='word_1_118' title='bbox 518 1237 639 1291; x_wconf 87' lang='lat' dir='ltr'>hostium</span> <span class='ocrx_word' id='word_1_119' title='bbox 658 1239 835 1306; x_wconf 85' lang='lat' dir='ltr'>paucitatem,</span> <span class='ocrx_word' id='word_1_120' title='bbox 858 1253 909 1288; x_wconf 90' lang='lat' dir='ltr'>nec</span> 
     </span>
     <span class='ocr_line' id='line_1_18' title="bbox 97 1304 908 1359; baseline 0.002 -5"><span class='ocrx_word' id='word_1_121' title='bbox 97 1304 170 1354; x_wconf 88' lang='lat' dir='ltr'>mult</span> <span class='ocrx_word' id='word_1_122' title='bbox 184 1304 305 1355; x_wconf 87' lang='lat' dir='ltr'>tudinem</span> <span class='ocrx_word' id='word_1_123' title='bbox 317 1321 393 1356; x_wconf 89' lang='lat' dir='ltr'>suam</span> <span class='ocrx_word' id='word_1_124' title='bbox 405 1307 472 1358; x_wconf 81' lang='lat' dir='ltr'>satir</span> <span class='ocrx_word' id='word_1_125' title='bbox 485 1313 640 1358; x_wconf 85' lang='lat' dir='ltr'>cernerent.</span> <span class='ocrx_word' id='word_1_126' title='bbox 668 1308 718 1359; x_wconf 86' lang='grc'>23.</span> <span class='ocrx_word' id='word_1_127' title='bbox 738 1307 851 1358; x_wconf 86' lang='lat' dir='ltr'>iuterim</span> <span class='ocrx_word' id='word_1_128' title='bbox 867 1308 908 1357; x_wconf 90' lang='lat' dir='ltr'>iu-</span> 
     </span>
     <span class='ocr_line' id='line_1_19' title="bbox 97 1371 909 1442; baseline 0.002 -20"><span class='ocrx_word' id='word_1_129' title='bbox 97 1378 202 1431; x_wconf 90' lang='lat' dir='ltr'>menta,</span> <span class='ocrx_word' id='word_1_130' title='bbox 224 1384 295 1439; x_wconf 88' lang='lat' dir='ltr'>quae</span> <span class='ocrx_word' id='word_1_131' title='bbox 306 1371 421 1425; x_wconf 87' lang='lat' dir='ltr'>Darium</span> <span class='ocrx_word' id='word_1_132' title='bbox 431 1374 578 1435; x_wconf 86' lang='lat' dir='ltr'>vehebant,</span> <span class='ocrx_word' id='word_1_133' title='bbox 593 1375 672 1426; x_wconf 87' lang='lat' dir='ltr'>nullo</span> <span class='ocrx_word' id='word_1_134' title='bbox 684 1383 800 1442; x_wconf 88' lang='lat' dir='ltr'>regente</span> <span class='ocrx_word' id='word_1_135' title='bbox 812 1375 909 1427; x_wconf 88' lang='lat' dir='ltr'>deces-</span> 
     </span>
     <span class='ocr_line' id='line_1_20' title="bbox 99 1439 908 1508; baseline 0.002 -18"><span class='ocrx_word' id='word_1_136' title='bbox 99 1446 196 1490; x_wconf 82' lang='lat' dir='ltr'>serant</span> <span class='ocrx_word' id='word_1_137' title='bbox 207 1439 321 1490; x_wconf 85' lang='lat' dir='ltr'>militari</span> <span class='ocrx_word' id='word_1_138' title='bbox 333 1442 391 1500; x_wconf 86' lang='lat' dir='ltr'>vio,</span> <span class='ocrx_word' id='word_1_139' title='bbox 402 1450 431 1493; x_wconf 89' lang='lat' dir='ltr'>et</span> <span class='ocrx_word' id='word_1_140' title='bbox 441 1457 536 1493; x_wconf 88' lang='lat' dir='ltr'>errore</span> <span class='ocrx_word' id='word_1_141' title='bbox 549 1443 642 1494; x_wconf 89' lang='lat' dir='ltr'>delata</span> <span class='ocrx_word' id='word_1_142' title='bbox 652 1458 703 1508; x_wconf 89' lang='lat' dir='ltr'>per</span> <span class='ocrx_word' id='word_1_143' title='bbox 713 1441 752 1494; x_wconf 86' lang='lat' dir='ltr'>lll</span> <span class='ocrx_word' id='word_1_144' title='bbox 762 1443 868 1504; x_wconf 88' lang='lat' dir='ltr'>stadia,</span> <span class='ocrx_word' id='word_1_145' title='bbox 879 1441 908 1492; x_wconf 86' lang='lat' dir='ltr'>in</span> 
     </span>
     <span class='ocr_line' id='line_1_21' title="bbox 99 1505 908 1576; baseline 0.002 -21"><span class='ocrx_word' id='word_1_146' title='bbox 99 1505 219 1573; x_wconf 90' lang='lat' dir='ltr'>quadam</span> <span class='ocrx_word' id='word_1_147' title='bbox 232 1507 304 1557; x_wconf 88' lang='lat' dir='ltr'>valle</span> <span class='ocrx_word' id='word_1_148' title='bbox 316 1511 509 1570; x_wconf 83' lang='lat' dir='ltr'>constiterant,</span> <span class='ocrx_word' id='word_1_149' title='bbox 529 1515 617 1570; x_wconf 87' lang='lat' dir='ltr'>aestu,</span> <span class='ocrx_word' id='word_1_150' title='bbox 639 1509 776 1576; x_wconf 86' lang='lat' dir='ltr'>simulque</span> <span class='ocrx_word' id='word_1_151' title='bbox 788 1509 908 1560; x_wconf 89' lang='lat' dir='ltr'>vulneri-</span> 
     </span>
     <span class='ocr_line' id='line_1_22' title="bbox 97 1572 909 1644; baseline 0.002 -20"><span class='ocrx_word' id='word_1_152' title='bbox 97 1573 152 1624; x_wconf 89' lang='lat' dir='ltr'>bus</span> <span class='ocrx_word' id='word_1_153' title='bbox 172 1572 299 1642; x_wconf 86' lang='lat' dir='ltr'>fatigata.</span> <span class='ocrx_word' id='word_1_154' title='bbox 336 1575 377 1624; x_wconf 78' lang='lat'>24.</span> <span class='ocrx_word' id='word_1_155' title='bbox 397 1576 478 1627; x_wconf 87' lang='lat' dir='ltr'>Haud</span> <span class='ocrx_word' id='word_1_156' title='bbox 501 1577 604 1642; x_wconf 90' lang='lat' dir='ltr'>procul</span> <span class='ocrx_word' id='word_1_157' title='bbox 614 1585 675 1628; x_wconf 90' lang='lat' dir='ltr'>erat</span> <span class='ocrx_word' id='word_1_158' title='bbox 686 1576 760 1639; x_wconf 83' lang='lat' dir='ltr'>fons,</span> <span class='ocrx_word' id='word_1_159' title='bbox 780 1577 909 1644; x_wconf 87' lang='lat' dir='ltr'>adquam</span> 
     </span>
     <span class='ocr_line' id='line_1_23' title="bbox 98 1642 908 1710; baseline 0 -18"><span class='ocrx_word' id='word_1_160' title='bbox 98 1649 285 1710; x_wconf 80' lang='lat' dir='ltr'>monstratum</span> <span class='ocrx_word' id='word_1_161' title='bbox 299 1657 316 1691; x_wconf 89' lang='lat' dir='ltr'>a</span> <span class='ocrx_word' id='word_1_162' title='bbox 329 1643 426 1708; x_wconf 87' lang='lat' dir='ltr'>peritis</span> <span class='ocrx_word' id='word_1_163' title='bbox 438 1642 615 1708; x_wconf 85' lang='lat' dir='ltr'>Polystratus</span> <span class='ocrx_word' id='word_1_164' title='bbox 626 1644 745 1694; x_wconf 87' lang='lat' dir='ltr'>llllacedo</span> <span class='ocrx_word' id='word_1_165' title='bbox 762 1646 807 1694; x_wconf 88' lang='lat' dir='ltr'>siti</span> <span class='ocrx_word' id='word_1_166' title='bbox 820 1657 908 1693; x_wconf 83' lang='lat' dir='ltr'>nrace·</span> 
     </span>
    </p>
   </div>
   <div class='ocr_carea' id='block_1_5' title="bbox 7 1708 909 1977">
    <p class='ocr_par' dir='ltr' id='par_1_5' title="bbox 7 1708 909 1977">
     <span class='ocr_line' id='line_1_24' title="bbox 7 1708 909 1776; baseline -0.004 -12"><span class='ocrx_word' id='word_1_167' title='bbox 7 1761 8 1764; x_wconf 76' lang='grc'>,</span> <span class='ocrx_word' id='word_1_168' title='bbox 97 1715 177 1760; x_wconf 85' lang='lat' dir='ltr'>retus</span> <span class='ocrx_word' id='word_1_169' title='bbox 188 1711 322 1772; x_wconf 85' lang='lat' dir='ltr'>accessit3</span> <span class='ocrx_word' id='word_1_170' title='bbox 344 1725 376 1759; x_wconf 88' lang='lat' dir='ltr'>ac</span> <span class='ocrx_word' id='word_1_171' title='bbox 388 1709 451 1758; x_wconf 86' lang='lat' dir='ltr'>dum</span> <span class='ocrx_word' id='word_1_172' title='bbox 464 1709 545 1776; x_wconf 82' lang='lat' dir='ltr'>galea</span> <span class='ocrx_word' id='word_1_173' title='bbox 556 1708 682 1761; x_wconf 87' lang='lat' dir='ltr'>haustam</span> <span class='ocrx_word' id='word_1_174' title='bbox 693 1724 791 1776; x_wconf 86' lang='lat' dir='ltr'>aquam</span> <span class='ocrx_word' id='word_1_175' title='bbox 803 1709 909 1770; x_wconf 89' lang='lat' dir='ltr'>sorbet,</span> 
     </span>
     <span class='ocr_line' id='line_1_25' title="bbox 97 1776 908 1843; baseline -0.002 -15.2"><span class='ocrx_word' id='word_1_176' title='bbox 97 1777 159 1828; x_wconf 85' lang='lat' dir='ltr'>tela</span> <span class='ocrx_word' id='word_1_177' title='bbox 172 1778 358 1828; x_wconf 88' lang='lat' dir='ltr'>iumentorum</span> <span class='ocrx_word' id='word_1_178' title='bbox 372 1777 560 1827; x_wconf 87' lang='lat' dir='ltr'>deficientium</span> <span class='ocrx_word' id='word_1_179' title='bbox 572 1777 736 1843; x_wconf 85' lang='lat' dir='ltr'>corporibus</span> <span class='ocrx_word' id='word_1_180' title='bbox 747 1776 833 1826; x_wconf 87' lang='lat' dir='ltr'>inlixa</span> <span class='ocrx_word' id='word_1_181' title='bbox 844 1791 908 1826; x_wconf 88' lang='lat' dir='ltr'>con-</span> 
     </span>
     <span class='ocr_line' id='line_1_26' title="bbox 7 1842 908 1912; baseline -0.003 -16"><span class='ocrx_word' id='word_1_182' title='bbox 7 1855 9 1868; x_wconf 77' lang='grc'>’</span> <span class='ocrx_word' id='word_1_183' title='bbox 98 1845 202 1912; x_wconf 84' lang='lat' dir='ltr'>spexit.</span> <span class='ocrx_word' id='word_1_184' title='bbox 238 1846 279 1896; x_wconf 79' lang='lat'>25.</span> <span class='ocrx_word' id='word_1_185' title='bbox 298 1845 472 1910; x_wconf 86' lang='lat' dir='ltr'>Miratusque</span> <span class='ocrx_word' id='word_1_186' title='bbox 492 1844 626 1896; x_wconf 83' lang='lat' dir='ltr'>confossa</span> <span class='ocrx_word' id='word_1_187' title='bbox 645 1847 748 1910; x_wconf 90' lang='lat' dir='ltr'>potius,</span> <span class='ocrx_word' id='word_1_188' title='bbox 768 1858 850 1910; x_wconf 89' lang='lat' dir='ltr'>quam</span> <span class='ocrx_word' id='word_1_189' title='bbox 862 1842 908 1894; x_wconf 88' lang='lat' dir='ltr'>ab·</span> 
     </span>
     <span class='ocr_line' id='line_1_27' title="bbox 7 1913 549 1977; baseline -0.015 -9"><span class='ocrx_word' id='word_1_190' title='bbox 7 1939 8 1968; x_wconf 69' lang='lat'>1</span> <span class='ocrx_word' id='word_1_191' title='bbox 94 1919 248 1977; x_wconf 84' lang='lat' dir='ltr'>-aetaesse,</span> <span class='ocrx_word' id='word_1_192' title='bbox 259 1913 385 1963; x_wconf 87' lang='lat' dir='ltr'>semivivi</span> <span class='ocrx_word' id='word_1_193' title='bbox 397 1916 409 1940; x_wconf 67' lang='lat'>²*</span> <span class='ocrx_word' id='word_1_194' title='bbox 422 1914 457 1943; x_wconf 73' lang='lat'>*³*</span> <span class='ocrx_word' id='word_1_195' title='bbox 548 1949 549 1954; x_wconf 55' lang='grc'>,</span> 
     </span>
    </p>
   </div>
   <div class='ocr_carea' id='block_1_6' title="bbox 279 1979 732 2045">
    <p class='ocr_par' dir='ltr' id='par_1_6' title="bbox 279 1979 732 2045">
     <span class='ocr_line' id='line_1_28' title="bbox 279 1979 732 2045; baseline 0 -15"><span class='ocrx_word' id='word_1_196' title='bbox 279 1979 368 2045; x_wconf 72' lang='lat' dir='ltr'>(rsus</span> <span class='ocrx_word' id='word_1_197' title='bbox 380 1979 458 2032; x_wconf 76' lang='lat' dir='ltr'>huius</span> <span class='ocrx_word' id='word_1_198' title='bbox 469 1979 533 2032; x_wconf 79' lang='lat' dir='ltr'>libri</span> <span class='ocrx_word' id='word_1_199' title='bbox 542 1979 732 2040; x_wconf 77' lang='lat' dir='ltr'>desideratur.)</span> 
     </span>
    </p>
   </div>
   <div class='ocr_carea' id='block_1_7' title="bbox 168 2097 835 2152">
    <p class='ocr_par' dir='ltr' id='par_1_7' title="bbox 168 2097 835 2152">
     <span class='ocr_line' id='line_1_29' title="bbox 168 2097 835 2152; baseline 0.001 -3"><span class='ocrx_word' id='word_1_200' title='bbox 168 2097 450 2150; x_wconf 82' lang='lat' dir='ltr'>FRElNSHEMll</span> <span class='ocrx_word' id='word_1_201' title='bbox 478 2097 835 2152; x_wconf 84' lang='lat' dir='ltr'>SUPPLEMENTUM.</span> 
     </span>
    </p>
   </div>
   <div class='ocr_carea' id='block_1_8' title="bbox 96 2181 906 2322">
    <p class='ocr_par' dir='ltr' id='par_1_8' title="bbox 96 2181 906 2322">
     <span class='ocr_line' id='line_1_30' title="bbox 96 2181 906 2252; baseline 0 -18"><span class='ocrx_word' id='word_1_202' title='bbox 96 2185 110 2214; x_wconf 75' lang='lat'><em>*</em></span> <span class='ocrx_word' id='word_1_203' title='bbox 118 2181 295 2252; x_wconf 70' lang='lat' dir='ltr'>**[hominls</span> <span class='ocrx_word' id='word_1_204' title='bbox 308 2185 440 2252; x_wconf 84' lang='lat' dir='ltr'>gemitum</span> <span class='ocrx_word' id='word_1_205' title='bbox 451 2184 579 2250; x_wconf 87' lang='lat' dir='ltr'>percipit.</span> <span class='ocrx_word' id='word_1_206' title='bbox 607 2184 658 2236; x_wconf 83' lang='grc'>26.</span> <span class='ocrx_word' id='word_1_207' title='bbox 671 2184 768 2250; x_wconf 89' lang='lat' dir='ltr'>ltaque</span> <span class='ocrx_word' id='word_1_208' title='bbox 779 2197 856 2233; x_wconf 89' lang='lat' dir='ltr'>more</span> <span class='ocrx_word' id='word_1_209' title='bbox 866 2182 906 2234; x_wconf 89' lang='lat' dir='ltr'>in-</span> 
     </span>
     <span class='ocr_line' id='line_1_31' title="bbox 96 2249 905 2322; baseline 0.001 -20"><span class='ocrx_word' id='word_1_210' title='bbox 96 2254 175 2322; x_wconf 84' lang='lat' dir='ltr'>genii</span> <span class='ocrx_word' id='word_1_211' title='bbox 192 2250 302 2302; x_wconf 83' lang='lat' dir='ltr'>huniaui</span> <span class='ocrx_word' id='word_1_212' title='bbox 321 2251 438 2318; x_wconf 86' lang='lat' dir='ltr'>cupidus</span> <span class='ocrx_word' id='word_1_213' title='bbox 453 2251 560 2302; x_wconf 84' lang='lat' dir='ltr'>visendi</span> <span class='ocrx_word' id='word_1_214' title='bbox 577 2251 643 2318; x_wconf 90' lang='lat' dir='ltr'>quid</span> <span class='ocrx_word' id='word_1_215' title='bbox 658 2252 699 2302; x_wconf 88' lang='lat' dir='ltr'>rei</span> <span class='ocrx_word' id='word_1_216' title='bbox 710 2249 839 2302; x_wconf 91' lang='lat' dir='ltr'>vehiculo</span> <span class='ocrx_word' id='word_1_217' title='bbox 848 2252 905 2303; x_wconf 90' lang='lat' dir='ltr'>isto</span> 
     </span>
    </p>
   </div>
   <div class='ocr_carea' id='block_1_9' title="bbox 7 2309 906 2730">
    <p class='ocr_par' dir='ltr' id='par_1_9' title="bbox 7 2309 906 2730">
     <span class='ocr_line' id='line_1_32' title="bbox 7 2309 905 2386; baseline 0.006 -20"><span class='ocrx_word' id='word_1_218' title='bbox 7 2309 8 2366; x_wconf 67' lang='grc' dir='ltr'>ἶ</span> <span class='ocrx_word' id='word_1_219' title='bbox 96 2319 277 2380; x_wconf 87' lang='lat' dir='ltr'>conderetur,</span> <span class='ocrx_word' id='word_1_220' title='bbox 299 2320 411 2370; x_wconf 91' lang='lat' dir='ltr'>dimotis</span> <span class='ocrx_word' id='word_1_221' title='bbox 424 2318 550 2385; x_wconf 83' lang='lat' dir='ltr'>pellibus,</span> <span class='ocrx_word' id='word_1_222' title='bbox 574 2321 673 2386; x_wconf 87' lang='lat' dir='ltr'>qulbus</span> <span class='ocrx_word' id='word_1_223' title='bbox 685 2319 824 2370; x_wconf 89' lang='lat' dir='ltr'>obtectum</span> <span class='ocrx_word' id='word_1_224' title='bbox 836 2327 905 2382; x_wconf 88' lang='lat' dir='ltr'>erat,</span> 
     </span>
     <span class='ocr_line' id='line_1_33' title="bbox 95 2385 904 2455; baseline 0 -17"><span class='ocrx_word' id='word_1_225' title='bbox 95 2388 213 2442; x_wconf 88' lang='lat' dir='ltr'>Darium</span> <span class='ocrx_word' id='word_1_226' title='bbox 226 2387 319 2438; x_wconf 83' lang='lat' dir='ltr'>nrultis</span> <span class='ocrx_word' id='word_1_227' title='bbox 332 2386 491 2438; x_wconf 86' lang='lat' dir='ltr'>vulneribus</span> <span class='ocrx_word' id='word_1_228' title='bbox 503 2385 664 2438; x_wconf 84' lang='lat' dir='ltr'>confossum</span> <span class='ocrx_word' id='word_1_229' title='bbox 676 2389 788 2453; x_wconf 91' lang='lat' dir='ltr'>reperit.</span> <span class='ocrx_word' id='word_1_230' title='bbox 801 2387 904 2455; x_wconf 80' lang='lat' dir='ltr'>Regius</span> 
     </span>
     <span class='ocr_line' id='line_1_34' title="bbox 7 2455 906 2521; baseline 0.003 -19"><span class='ocrx_word' id='word_1_231' title='bbox 7 2495 8 2502; x_wconf 30' lang='grc' dir='ltr'>ι</span> <span class='ocrx_word' id='word_1_232' title='bbox 96 2458 172 2508; x_wconf 85' lang='lat' dir='ltr'>enim</span> <span class='ocrx_word' id='word_1_233' title='bbox 184 2456 287 2517; x_wconf 87' lang='lat' dir='ltr'>cultus,</span> <span class='ocrx_word' id='word_1_234' title='bbox 300 2462 328 2506; x_wconf 87' lang='lat' dir='ltr'>et</span> <span class='ocrx_word' id='word_1_235' title='bbox 338 2469 440 2506; x_wconf 89' lang='lat' dir='ltr'>aureae</span> <span class='ocrx_word' id='word_1_236' title='bbox 449 2463 578 2514; x_wconf 85' lang='lat' dir='ltr'>catenae,</span> <span class='ocrx_word' id='word_1_237' title='bbox 590 2460 651 2520; x_wconf 88' lang='lat' dir='ltr'>quis</span> <span class='ocrx_word' id='word_1_238' title='bbox 663 2455 835 2521; x_wconf 88' lang='lat' dir='ltr'>aparrioidis</span> <span class='ocrx_word' id='word_1_239' title='bbox 847 2457 906 2506; x_wconf 90' lang='lat' dir='ltr'>vin·</span> 
     </span>
     <span class='ocr_line' id='line_1_35' title="bbox 7 2522 906 2584; baseline -0.001 -12"><span class='ocrx_word' id='word_1_240' title='bbox 7 2563 8 2572; x_wconf 71' lang='grc'>,</span> <span class='ocrx_word' id='word_1_241' title='bbox 95 2522 271 2584; x_wconf 69' lang='lat' dir='ltr'>messuerat,</span> <span class='ocrx_word' id='word_1_242' title='bbox 292 2523 495 2575; x_wconf 85' lang='lat' dir='ltr'>dubitationem</span> <span class='ocrx_word' id='word_1_243' title='bbox 509 2522 675 2574; x_wconf 80' lang='lat' dir='ltr'>exiniebant.</span> <span class='ocrx_word' id='word_1_244' title='bbox 710 2525 751 2574; x_wconf 90' lang='grc'>27.</span> <span class='ocrx_word' id='word_1_245' title='bbox 771 2523 833 2574; x_wconf 84' lang='grc' dir='ltr'>Νιιιι</span> <span class='ocrx_word' id='word_1_246' title='bbox 845 2528 906 2573; x_wconf 86' lang='lat' dir='ltr'>erat</span> 
     </span>
     <span class='ocr_line' id='line_1_36' title="bbox 93 2591 906 2660; baseline -0.01 -15"><span class='ocrx_word' id='word_1_247' title='bbox 93 2607 197 2660; x_wconf 84' lang='lat' dir='ltr'>expers</span> <span class='ocrx_word' id='word_1_248' title='bbox 214 2592 316 2644; x_wconf 86' lang='lat' dir='ltr'>Graeci</span> <span class='ocrx_word' id='word_1_249' title='bbox 333 2593 469 2642; x_wconf 82' lang='lat' dir='ltr'>seruiunis</span> <span class='ocrx_word' id='word_1_250' title='bbox 486 2591 600 2650; x_wconf 65' lang='lat' dir='ltr'>Darium</span> <span class='ocrx_word' id='word_1_251' title='bbox 621 2593 782 2658; x_wconf 89' lang='lat' dir='ltr'>gratiasque</span> <span class='ocrx_word' id='word_1_252' title='bbox 803 2591 906 2656; x_wconf 86' lang='lat' dir='ltr'>agebat</span> 
     </span>
     <span class='ocr_line' id='line_1_37' title="bbox 92 2658 905 2730; baseline -0.006 -18"><span class='ocrx_word' id='word_1_253' title='bbox 92 2661 175 2726; x_wconf 89' lang='lat' dir='ltr'>Diis,</span> <span class='ocrx_word' id='word_1_254' title='bbox 187 2663 235 2730; x_wconf 93' lang='lat' dir='ltr'>qui</span> <span class='ocrx_word' id='word_1_255' title='bbox 246 2665 312 2726; x_wconf 87' lang='lat' dir='ltr'>pust</span> <span class='ocrx_word' id='word_1_256' title='bbox 320 2665 399 2710; x_wconf 87' lang='lat' dir='ltr'>tanta</span> <span class='ocrx_word' id='word_1_257' title='bbox 407 2661 493 2722; x_wconf 81' lang='lat' dir='ltr'>niele,</span> <span class='ocrx_word' id='word_1_258' title='bbox 506 2667 617 2728; x_wconf 86' lang='lat' dir='ltr'>tamque</span> <span class='ocrx_word' id='word_1_259' title='bbox 628 2660 736 2728; x_wconf 87' lang='lat' dir='ltr'>gravia,</span> <span class='ocrx_word' id='word_1_260' title='bbox 749 2658 802 2710; x_wconf 88' lang='lat' dir='ltr'>hoc</span> <span class='ocrx_word' id='word_1_261' title='bbox 812 2665 905 2708; x_wconf 86' lang='lat' dir='ltr'>tamen</span> 
     </span>
    </p>
   </div>
   <div class='ocr_carea' id='block_1_10' title="bbox 0 0 1028 3034">
    <p class='ocr_par' dir='ltr' id='par_1_10' title="bbox 0 0 1028 3034">
     <span class='ocr_line' id='line_1_38' title="bbox 0 0 1028 3034; baseline 0 2"><span class='ocrx_word' id='word_1_262' title='bbox 0 0 1028 3034; x_wconf 95' lang='lat' dir='ltr'> </span> 
     </span>
    </p>
   </div>
  </div>
 </body>
</html>
