2082 3042
297 201 448 252 LIBER
475 200 557 253 Vlll.
588 202 681 253 CAP.
712 207 752 254 lo.
880 201 930 256 333

122 305 182 357 lum
189 304 305 356 tertium
316 303 382 354 love
393 303 518 370 genitum
529 302 564 353 ad
572 303 650 368 ipsos
660 305 930 368 pervenissememo·
952 307 959 316 '

121 378 232 423 rantes:
252 370 364 421 Patrem
378 369 509 421 Liberum
525 375 554 421 at
575 383 609 420 ue
624 369 775 421 Herculem
789 372 864 422 fama
883 385 930 422 co·

122 439 218 506 gnitos
230 452 305 502 esse;
325 439 414 503 ipsum
433 451 527 488 corum
539 385 789 504 adessecernique.
825 442 850 488 2.
869 439 930 490 Rex

121 505 244 573 benigne
254 510 387 571 exceptos
398 505 478 571 sequi
487 504 583 566 iussit,
597 503 699 554 iisdem
712 504 841 555 itinerum
852 506 928 557 ducl-

120 572 174 624 bus
184 587 293 624 usurus.
331 573 459 624 Ceterum
475 587 558 638 quum
574 570 693 637 amplius
708 585 789 622 nemo
802 587 928 625 occurre-

120 646 180 701 ret,
208 638 448 706 Hephaestionem
473 644 502 688 et
520 638 683 689 Perdiccam
704 652 767 688 cum
787 641 928 704 copiarum

120 713 201 775 parte
211 707 356 773 praemisit
365 706 401 756 ad
410 705 595 772 subigendos,
615 705 663 772 qui
675 712 871 756 aversarentur
880 706 929 755 im-

120 777 240 842 periums
251 776 390 841 iussitque
401 772 436 824 ed
447 771 549 823 tlumen
559 771 655 822 Indum
665 772 830 837 procedere,
846 779 929 822 etna-

120 843 196 908 vrgie
215 841 324 904 facere,
345 844 407 908 quis
426 840 455 890 in
470 829 609 902 ¹ulte'r’iora
626 839 813 906 transportari
834 844 932 905 posset
965 873 967 878 -

121 911 271 961 exercitus.
317 908 341 958 3.
369 907 430 970 llll,
454 905 519 974 quia
541 907 622 972 plura
642 906 932 972 flumine-superanda

120 983 211 1037 crant,
231 977 274 1027 sic
291 975 409 1026 iunxere
427 989 521 1036 neves,
543 980 574 1024 ut
593 974 702 1026 solutae
721 973 855 1041 plaustris
869 971 933 1022 vehi

121 1048 251 1108 possent,
270 1055 423 1107 rursusque
443 1041 584 1108 coniungi.
624 1042 650 1092 4.
673 1041 744 1093 Post
765 1055 796 1092 sc
817 1043 932 1092 Cratero

121 1125 185 1161 cum
194 1108 334 1176 phalange
343 1111 422 1160 iusso
432 1110 526 1177 sequi,
535 1109 691 1176 'equitatum
702 1124 736 1160 sc
745 1109 834 1160 levem
846 1121 933 1158 arma-

121 1184 213 1228 turam
224 1177 334 1238 edoxit3
353 1191 468 1243 eosque,
486 1177 532 1245 qui
547 1182 736 1236 occurrerant,
754 1177 809 1237 levi
823 1175 933 1243 proelio

121 1245 150 1294 in
162 1244 258 1294 urbem
268 1243 423 1310 proximam
435 1245 579 1311 compulit.
616 1244 641 1294 5.
661 1245 717 1294 lam
733 1247 935 1311 supervenerat
998 1253 1000 1260 ·

122 1312 264 1364 craterus.
309 1311 407 1379 ltaque
431 1319 461 1364 ut
480 1312 618 1380 principio
637 1317 774 1363 terrorem
795 1313 936 1364 incuteret

122 1380 200 1447 genti
211 1379 333 1431 nondum
350 1380 620 1432 armaMaccdonum
637 1386 781 1447 expertae,
795 1378 935 1446 praecipit

122 1461 156 1497 ne
168 1447 212 1497 cui
222 1448 576 1514 parceretur,munimentis
587 1446 674 1508 urbis,
681 1462 762 1512 quam
773 1447 933 1509 obsidebat,

121 1514 255 1564 incensis.
292 1513 316 1562 o.
337 1513 468 1565 Ceterum
478 1515 542 1564 dum
553 1512 699 1578 obequitat
708 1513 868 1575 moenibus,
889 1528 932 1564 sa-

144 1582 194 1630 itta
204 1581 289 1640 ictus,
304 1579 380 1644 cepit
391 1585 485 1630 tomen
499 1579 643 1646 oppidum3
663 1585 700 1640 et,
715 1579 842 1629 omnibus
855 1581 933 1631 inco·

123 1597 160 1698 fis
176 1649 237 1697 eius
251 1646 411 1705 trucidatis,
433 1647 516 1696 etiam
532 1647 561 1696 in
576 1651 652 1696 tecta
664 1646 799 1696 saevitum
819 1651 871 1696 est.
906 1645 933 1697 i.

122 1715 191 1766 lnde
203 1714 309 1765 domita
317 1711 437 1779 ignobili
449 1718 545 1778 gente,
568 1712 604 1762 ad
613 1708 718 1778 Nysam
731 1712 826 1762 urbem
837 1725 933 1779 perve-

123 1783 173 1834 nit.
209 1780 295 1832 Forte
305 1780 406 1831 cnstris
418 1787 482 1830 ante
494 1782 557 1848 ipsa
566 1779 678 1828 moenie
689 1779 718 1828 in
736 1779 859 1829 silvestri
868 1779 933 1830 loco

71 1883 73 1886 -
143 1847 234 1910 ositis,
251 1854 415 1899 nocturnum
432 1845 532 1914 frigus,
549 1844 741 1897 vehementius
756 1861 836 1912 quam
852 1847 933 1910 alios,

123 1866 242 1967 horrore
257 1929 377 1982 corpora
395 1913 502 1978 affecit,
524 1918 764 1980 opportunumque
781 1913 935 1966 remedium

123 1985 198 2051 ignis
210 1982 337 2034 oblatum
346 1988 398 2034 est
433 1983 458 2032 8.
478 1981 576 2035 Caesis
587 1981 688 2048 qnippe
702 1980 780 2030 silvis
796 1978 935 2032 flammam

124 2049 330 2103 excitaverunt:
349 2064 435 2116 quac,
452 2051 512 2118 igni
525 2049 606 2110 alito,
625 2048 826 2116 oppidanorum
843 2047 935 2115 sepul·

124 2133 174 2169 cra
184 2114 405 2184 comprehendit.
441 2117 562 2168 Vetusta
571 2117 656 2168 cedro
668 2115 745 2167 lecta
758 2121 848 2178 erant,
869 2130 935 2166 con-

122 2191 291 2252 ceptumque
303 2184 397 2250 ignem
407 2184 463 2234 late
473 2184 588 2248 fudere;
610 2185 700 2236 donec
710 2184 803 2234 omnia
814 2183 877 2234 solo
889 2197 935 2234 ac·

142 2258 209 2304 nata
223 2257 296 2304 sunt.
332 2251 356 2302 9.
375 2251 412 2302 Et
426 2265 461 2302 ex
475 2252 544 2303 urbe
558 2253 675 2318 primum
692 2266 789 2302 canum
805 2251 933 2312 latratus,

122 2270 327 2372 {clndestinus
342 2317 484 2369 bominum
501 2318 628 2371 fremitus
647 2319 757 2369 auditus
774 2323 826 2370 est
862 2321 934 2371 Tum

126 2393 156 2439 et
170 2387 302 2454 oppidani
315 2385 435 2450 bostem,
457 2392 487 2437 ct
498 2386 669 2439 Macedones
687 2387 765 2454 ipsos
778 2386 812 2438 ad
828 2386 935 2450 urbem,

124 2454 236 2505 venisse
246 2460 428 2524 cognoscunt.
448 2456 489 2505 lo,
501 2455 556 2504 lam
577 2469 612 2505 ue
622 2469 673 2506 rex
682 2454 817 2506 eduxerat
826 2457 934 2536 copias,

124 2529 156 2573 et
169 2523 282 2574 moenia
299 2523 458 2584 obsidebat3
476 2538 558 2589 quum
590 2522 706 2585 ostium,
722 2521 769 2590 qui
783 2523 933 2573 discrimen

123 2595 310 2652 tentaverant,
322 2589 415 2642 obruti
425 2589 490 2641 telis
500 2596 573 2642 sunt.
591 2590 661 2641 Aliis
672 2605 739 2658 crgo
751 2590 933 2651 deditionem,

122 2656 190 2708 aliis
202 2671 321 2724 pugnam
335 2659 456 2725 experiri
471 2656 611 2726 placebat:
631 2672 747 2724 quorum
760 2656 936 2708 dubitatione

121 2731 285 2792 comperta,
298 2726 489 2778 circumsideri
499 2733 604 2778 tantum
617 2741 679 2790 eos,
689 2732 717 2778 ct
727 2725 861 2778 abstineri
871 2739 933 2778 cae·

958 2923 1034 3022 Ι
