2036 3030
96 167 128 218 38
278 161 415 214 ΙΟΑΝΝ.
442 163 719 216 FREINSHEMH

97 282 151 334 qua
161 273 192 316 ut
203 266 331 314 conscius
343 270 473 330 paternae
486 267 580 316 caedis
590 266 747 316 notabatur.
775 265 817 318 2⁰.
836 265 903 316 Gre-

96 334 163 384 brae
174 334 306 382 intereos
317 331 474 382 discordiae
485 333 567 386 fldem
588 332 742 400 suspicioni
760 331 900 394 fecerant3

97 407 126 451 et
145 405 271 466 questum
290 399 405 449 iniurias
425 398 591 450 Pausaniam
612 401 647 450 ad
672 397 779 450 facinus
800 401 901 452 confir-

97 481 189 518 masse
200 465 350 529 ferebatur,
362 467 470 532 prolato
485 481 520 521 ex
538 467 685 533 tragoedia
696 467 827 530 carmine,
843 483 898 534 quo

94 535 197 586 Medea
207 534 312 600 pariter
321 534 414 601 pellici
427 548 503 596 suae,
524 536 626 601 quique
646 549 706 585 eam
721 536 750 584 in
760 535 900 586 matrimo-

95 601 171 654 nium
180 601 273 652 lasoni
283 602 455 662 tradidisset,
467 608 495 653 et
505 602 583 652 cuius
594 601 624 652 in
633 616 743 652 manum
755 603 900 652 convenis·

96 675 147 733 set,
158 669 233 720 idem
244 669 357 720 exitium
368 669 534 720 minabatur.
563 670 604 718 al.
616 668 718 720 Verum
728 669 799 734 ipse,
817 685 900 736 quum

96 737 244 804 aliquando
255 735 336 788 Darii
349 735 486 803 epistolae
499 736 699 803 responderet,
717 735 849 787 invidiam
870 738 900 786 in

94 803 197 857 Persas
209 803 362 857 transferre
374 810 490 856 conatus
504 810 559 856 est:
578 803 684 855 illorum
706 819 773 854 euro
789 819 901 870 percus-

93 886 166 924 sores
177 871 302 940 Philippo
313 871 584 942 eorreporutosfuiue.
614 873 655 922 ll.
681 870 798 938 Quoque
809 873 900 938 magis

96 956 204 992 omnem
216 941 311 1006 eulpae
323 940 510 1004 suspicionem
522 944 690 1007 extergeret,
707 946 849 1006 postremo
862 940 901 989 vi·

95 1014 141 1060 tae
153 1014 279 1075 tempore
289 1005 599 1074 magnificumPhilippo
611 1005 743 1073 templum
754 1012 901 1057 exstruere

97 1077 285 1143 cogitaverat:
304 1073 333 1124 id
347 1073 420 1123 inter
435 1074 503 1134 alia,
525 1076 555 1124 in
569 1074 776 1125 commentariis
788 1074 847 1124 eius
857 1088 901 1124 re·

96 1151 184 1210 perta,
201 1155 381 1192 successores
392 1141 552 1207 neglexere.

146 1209 194 1259 xl.
225 1210 314 1270 Quum
335 1213 426 1260 autem
447 1209 481 1258 ad
500 1208 688 1276 perficienda,
717 1224 788 1275 quae
808 1210 900 1260 animo

97 1277 230 1344 agitabat,
250 1275 398 1327 maximum
417 1276 495 1326 ineo
512 1281 682 1326 momentum
697 1278 818 1342 positum
829 1277 902 1328 arbi-

96 1349 232 1405 traretur,
252 1353 282 1393 ut
292 1342 428 1393 Graeciae
439 1344 636 1409 principatum,
660 1358 741 1410 quem
757 1343 902 1411 Philippus

97 1417 326 1479 comparaverat,
352 1411 504 1474 retineret3
537 1412 637 1478 raptim
664 1413 789 1462 exercitu
817 1413 901 1463 ducto

97 1477 272 1530 Thessaliam
282 1478 450 1543 improvisus
461 1478 569 1544 irrupit.
606 1480 630 1528 2.
659 1476 903 1531 Sustulerantani-

96 1561 158 1598 mos
177 1544 378 1596 Thessalorum
397 1545 525 1611 quidam,
555 1550 583 1596 et
605 1546 722 1597 insessis
740 1547 775 1598 ad
798 1549 904 1613 Tempe

97 1614 235 1682 angustiis
256 1613 311 1664 iter
332 1627 367 1664 ex
379 1611 547 1664 Macedonia
564 1613 688 1663 venienti
709 1615 903 1667 occludebant.

96 1683 121 1734 3.
153 1680 260 1748 Quippe
281 1695 329 1749 eas
350 1680 481 1747 regiones
497 1681 631 1747 Olympus
649 1687 731 1748 atque
744 1683 815 1733 Ossa
831 1683 904 1734 cele-

95 1749 170 1801 brati
180 1754 289 1800 montes
300 1748 445 1800 dirimunt:
456 1763 506 1815 per
517 1764 633 1815 quorum
642 1750 785 1800 convalles
793 1749 903 1801 Peneus

97 1819 186 1869 amnis
196 1817 311 1879 labitur,
333 1818 404 1868 mira
418 1819 587 1868 amoenitate
599 1815 747 1867 sollemnia
757 1818 849 1884 gentis
861 1833 904 1869 sa·

97 1885 337 1937 orificiameritus.
374 1884 469 1935 Laetis
481 1885 610 1951 utrinque
630 1885 789 1936 nemoribus
810 1886 904 1937 obum-

96 1953 193 2004 bratus
204 1953 323 2013 incedit3
342 1952 485 2018 multoque
497 1966 558 2001 enm
575 1949 687 2002 fremitu
696 1953 798 2013 ruenti,
820 1968 855 2004 ex
866 1954 905 2004 vi-

99 2022 169 2072 cinis
180 2019 327 2071 arboribus
338 2018 507 2069 avicularum
519 2019 638 2085 garritus
651 2018 794 2086 obstrepit.
815 2021 840 2070 4.
852 2021 904 2071 An·

99 2094 181 2156 gusta
192 2088 291 2139 semita
301 2100 351 2153 per
365 2085 486 2152 quinque
501 2084 561 2136 fere
581 2085 670 2136 millia
690 2102 821 2153 passuum
843 2103 905 2155 pro-

99 2155 231 2216 tenditur,
238 2157 285 2206 vin
296 2158 397 2204 onusto
407 2154 530 2204 iumento
541 2153 684 2204 sufficiens
693 2156 749 2205 iter
757 2155 905 2221 praebens,

118 2222 175 2273 uod
197 2222 330 2272 adversus
351 2235 541 2288 quemcunque
556 2237 699 2272 numerum
709 2221 849 2273 hominum
861 2224 905 2273 vel

100 2239 197 2341 iscam
208 2291 308 2340 armati
318 2289 435 2355 sepiant.
471 2289 495 2340 5.
515 2287 639 2352 sedilia,
658 2305 712 2369 qua
721 2290 833 2341 minime
844 2305 905 2357 per-

99 2357 162 2410 viae
172 2370 257 2420 rupes
268 2358 506 2418 existimabantur,
519 2357 656 2407 scalarum
667 2372 695 2407 ιιι
706 2357 818 2408 modum
834 2359 906 2409 exei-

101 2439 133 2477 so
143 2424 245 2473 montis
258 2423 346 2474 Ossae
356 2424 455 2487 latere,
477 2424 623 2476 circumitu
635 2427 803 2490 penetrarit3
824 2427 907 2477 adeo·

102 2505 155 2560 que
166 2490 311 2542 eeleritate
322 2508 372 2544 sua
383 2498 497 2544 cunctos
509 2491 654 2553 exterruit,
673 2499 705 2545 ut
719 2494 811 2543 omnia
826 2495 852 2544 ei
862 2508 907 2544 ve·

102 2558 488 2629 ctigaliareditusque,simul
497 2560 642 2611 universae
652 2561 906 2626 gentisimperium,
1002 2603 1003 2629 ,

103 2627 202 2693 quibus
212 2627 242 2679 id
252 2628 362 2696 legibus
372 2628 518 2694 Philippus
528 2625 685 2688 habuisset,
705 2626 782 2677 nullo
799 2629 854 2678 ianr
863 2642 907 2680 re·

102 2701 242 2762 pugnante
253 2696 479 2750 decernerentur.
515 2694 540 2744 o.
562 2688 700 2757 Phthiam,
712 2709 784 2760 quae
794 2695 907 2762 generis
