2098 3040
87 143 141 211 'sto
308 152 480 215 culum
511 151 678 204 cunum

91 255 257 310 incommode
269 261 382 325 regnem:
402 263 570 324 congregata
583 271 645 305 uero
656 260 697 304 tot
706 252 789 304 mittio
798 253 858 320 ipsa
867 270 896 306 se

92 319 895 394 elidunt,uiinecstarenecfiagerepotuerintiuiaiilesoa·

90 401 193 443 storum
213 405 356 457 corporum
373 391 462 441 moles.
498 388 630 457 Equidem
644 387 684 438 sic
697 387 826 439 animatia
843 387 896 440 ista

92 457 232 520 contemti,
243 464 288 519 ut,
304 473 383 526 quum
393 457 525 519 haberem,
536 455 591 523 ipse
600 471 654 506 non
665 455 841 524 opposuerim,
852 471 895 508 ea-

92 527 125 577 tis
133 539 247 595 gnarus,
262 524 398 605 piussuio,
419 522 641 593 quamdoetiius,
656 521 773 639 periculi
781 522 894 593 inferre.

51 649 52 652 Ἴ
92 597 132 643 22.
153 593 192 645 At
210 591 279 644 enim
298 592 414 660 equitum
426 591 597 659 peditumque
610 605 655 642 mu
665 589 752 642 titudo
767 606 813 643 ooo
823 606 894 642 eom·

91 661 193 712 mooet!
222 659 289 712 Cum
295 659 390 727 paucis
401 659 470 711 enim
476 674 603 728 pugnare
612 655 686 710 soliti
694 657 768 720 estio,
789 665 895 710 etnunc

89 727 206 796 primum
222 726 387 779 inconditam
405 725 567 778 sustinebitis
587 725 701 777 turbam.
743 726 785 778 23.
807 721 896 778 Testis

91 797 215 848 aduersus
224 793 418 846 multitudinem
427 791 701 846 inuictiMacedonum
710 791 894 846 roborisGra-

91 862 166 915 nicus
182 861 276 925 amnis,
297 870 325 914 et
338 861 433 914 Cilicia
445 861 577 914 inundata
587 877 682 912 cruore
694 859 849 922 Perodrum,
869 868 896 912 et

91 929 199 993 Arbela,
219 929 293 982 cetius
308 928 397 997 campi
410 928 573 981 deuictorum
587 945 604 980 a
619 926 694 980 nohis
704 927 804 978 ossibus
812 926 897 980 strati

91 1007 160 1049 sunt.
197 998 238 1047 24.
257 997 323 1048 Sero
343 995 459 1048 hostium
477 996 593 1076 legiones
607 1010 748 1047 numerare
762 1011 792 1047 co
831 993 894 1057 'tis,

86 1075 156 1132 post¹
171 1075 232 1115 uam
241 1065 409 1116 solitudinem
419 1063 449 1116 in
459 1063 525 1115 Asta
534 1062 661 1115 uincendo
666 1061 785 1130 fecistis.
794 1011 896 1126 &um

86 1148 138 1200 per
177 1133 346 1198 ellespontum
356 1132 552 1200 navigaremus,
564 1132 594 1183 de
599 1129 738 1198 paucitate
747 1137 841 1182 nostra
851 1146 895 1182 co·

88 1199 231 1266 &tandum
244 1197 315 1268 fuit.
352 1197 430 1250 Nunc
449 1215 496 1250 nos
516 1197 631 1266 Scythae
649 1206 812 1264 sequuntur,·
840 1195 897 1250 Ba-

91 1265 197 1318 ctriana
208 1265 309 1316 auxilia
314 1274 425 1332 praesto
435 1274 514 1326 sunt,·
524 1263 622 1316 Dahae
632 1263 815 1383 Sogdianique
824 1262 897 1316 inter

92 1348 138 1382 nos
149 1331 273 1382 militant.
310 1332 351 1382 25.
371 1330 427 1383 Nec
437 1341 525 1382 tamen
534 1331 574 1383 ilii
584 1332 677 1384 turbae
688 1332 759 1402 confi
778 1350 802 1383 o.
844 1329 895 1384 Ve-

92 1406 161 1449 stras
180 1414 272 1450 munus
286 1399 410 1462 intueor;
429 1407 544 1452 uestram
556 1399 689 1463 uirtutem,
710 1415 808 1464 rerum,
829 1415 895 1468 quae

89 1473 215 1533 gesturus
234 1483 299 1530 sum,
322 1467 415 1518 nudem
432 1467 610 1535 praedemque
630 1467 723 1519 taceo.
761 1466 897 1532 Quamdiu

91 1532 224 1584 uobiscum
238 1532 267 1586 in
281 1534 339 1587 acie
351 1534 437 1598 stabo,
457 1551 505 1586 uec
514 1551 600 1587 meum
610 1551 659 1586 nec
668 1534 783 1586 hostium
793 1535 895 1586 exerci-

93 1607 134 1652 tus
148 1617 273 1653 uternero:
292 1619 338 1654 oos
353 1604 431 1654 modo
445 1601 548 1654 animos
561 1601 630 1653 miii
640 1603 732 1669 plenos
743 1600 896 1655 alacritatis

92 1667 247 1737 acflduciae
258 1668 389 1722 adhibete.
425 1669 467 1720 m.
487 1668 549 1722 Non
561 1669 590 1722 in
605 1669 694 1721 {irnine
705 1685 812 1736 operum
822 1668 896 1722 taio·

92 1750 203 1804 rumque
213 1747 375 1800 nostrorum,
386 1737 468 1789 sedin
479 1735 552 1788 exitu
561 1745 673 1788 stamus:
683 1736 852 1804 pervenimus
861 1737 899 1789 ad

91 1803 154 1855 sotis
165 1803 444 1868 ortumetOeenuum,
464 1803 518 1856 nisi
536 1805 626 1858 obstat
636 1804 762 1872 ignaria:
780 1804 842 1857 iude
857 1804 901 1856 oi?

92 1878 186 1934 ctores,
188 1872 338 1940 perdomito
342 1873 403 1942 flue
412 1880 555 1934 terrarum,
561 1881 723 1925 reuertemur
728 1872 757 1924 in
764 1869 895 1940 patriam.

93 1935 190 2001 Nolite,
212 1941 283 2006 quod
286 1939 365 2008 pigri
373 1940 510 2008 agricolae
512 1939 636 2010 faciunt,
653 1947 773 1992 matteros
782 1939 898 2012 fruetus

90 2021 138 2072 per
156 2006 282 2058 inertium
301 2006 424 2058 amittere
445 2025 458 2058 e
478 2007 608 2060 manibus.
643 2009 685 2057 rt.
704 2005 815 2059 Maiora
834 2015 899 2060 sunt

90 2073 214 2140 periculis
225 2073 364 2142 praemia:
384 2074 454 2126 diues
474 2075 574 2138 eadem,
596 2082 623 2126 et
634 2073 744 2126 imbellis
758 2083 798 2126 est
807 2075 895 2144 regio.

92 2139 187 2208 Itaque
203 2157 257 2192 non
272 2149 326 2192 tam
343 2141 510 2210 adglorians
526 2158 571 2192 ooo
586 2142 662 2204 duco,
684 2142 896 2210 quamadprae-

93 2207 160 2258 dune.
195 2207 286 2278 Digni
294 2209 363 2274 estio,
386 2208 432 2277 qui
441 2224 511 2288 opes,
532 2223 596 2276 quas
606 2208 672 2260 itiud
686 2225 760 2260 mure
772 2209 898 2264 tieorttuo

91 2273 200 2338 inuenit,
220 2276 347 2345 referatis
355 2276 383 2328 in
390 2284 526 2344 patriam.-
546 2275 630 2344 digni,
643 2275 689 2344 qui
698 2275 766 2328 utta
773 2277 896 2346 inexper-

93 2349 156 2403 tum,
169 2340 238 2392 otta
246 2353 317 2395 metu
327 2343 451 2396 omissum
462 2342 627 2411 relinquatis.
664 2343 706 2394 28.
716 2341 771 2396 Per
779 2360 826 2396 cot
857 2347 896 2397 lo·

91 2406 212 2476 maraque
230 2418 355 2476 vestram,
376 2428 429 2480 qua
448 2409 826 2492 iurnanumsastipiumeuce
839 2412 897 2478 etis,

86 2489 189 2555 perque
197 2485 226 2528 et
234 2493 292 2529 mea
301 2479 330 2530 in
340 2495 385 2531 ooo
396 2488 423 2531 et
430 2478 460 2531 in
470 2495 511 2530 me
519 2487 608 2531 uestra
618 2488 725 2542 menta,
746 2477 841 2548 quibus
854 2479 897 2533 in·

90 2541 154 2592 ciete
164 2545 360 2608 contendimus,
381 2563 429 2598 oro
441 2562 603 2615 quaesoque,
621 2563 654 2599 ne
665 2546 844 2598 humanarum
854 2563 897 2599 re-

90 2623 150 2658 rum
169 2609 294 2663 terminos
314 2613 463 2678 adeuntem,
483 2616 618 2666 alumnum
639 2613 899 2683 commilitonemque

89 2682 213 2741 uestrum,
223 2694 256 2729 ne
266 2677 351 2731 dicam
362 2697 467 2752 regem,
479 2681 615 2735 deseratis.
651 2683 693 2736 29.
715 2680 899 2736 C'eteraooiis
