2036 3030
123 209 129 218 ’
216 41 790 293 surraanuu'rn.rss}b.1r.odit·
819 1 848 261 {p
900 219 933 268 u

123 318 177 380 sls,
189 331 256 384 quas
266 315 426 382 impositum
436 317 515 368 iecur
525 317 573 388 110
587 298 633 388 (ἢ
641 316 730 371 adhuc
742 319 843 372 calP⁰r
867 324 933 368 ttra-

124 383 216 446 beret,
244 390 391 451 rectasque
420 384 683 504 exprimetssgggbis
711 388 735 440 si
756 372 932 447 nifiNtstur,

126 451 284 502 Alexandro
296 452 442 502 victoriam
454 454 577 504 concede
649 468 707 504 eos.
736 402 768 506 ἦ
779 451 823 507 Vu
837 441 932 520 gastim

126 519 157 571 id
175 519 339 570 miraculum
357 524 435 569 tanta
454 518 539 572 futuri
561 535 610 587 spe
631 535 726 572 omncs
746 521 882 587 implevit,
902 527 943 570 ut*

125 584 271 653 posthaec
285 594 341 637 tam
357 593 434 636 certa
449 586 583 640 coelestis
599 586 706 638 favoris
723 589 843 668 pignora
861 585 931 638 nihil

123 653 308 706 dubitandum
329 653 544 706 conclamarent.
585 655 629 705 lta
646 655 676 704 in
695 669 840 706 maximam
859 656 931 706 bena

125 723 268 790 gerendae
282 721 325 772 rei
340 720 471 771 fiduciam
484 728 547 772 astu
563 721 684 781 inducti,
701 722 855 783 victoriam,
867 725 932 789 quia

124 803 204 840 suam
215 803 278 839 esse
289 788 504 852 arbitrabantur,
515 794 675 855 rapuerunt.
712 787 736 837 8.
756 789 816 838 Rex
826 789 930 856 impetu

119 857 281 907 animorum
292 855 425 905 utendum
438 860 527 916 ratus,
543 871 708 922 quamquam
722 857 931 907 monente-Par-

122 921 930 990 menione,utsaltcmproximamlucemopperiretur,(iam

118 991 200 1041 enim
214 991 305 1039 maior
319 988 376 1039 diei
389 1003 453 1054 pars
475 988 641 1056 effluxerat)
661 991 756 1042 statim
774 991 931 1042 transduxit

122 1057 232 1123 copias,
246 1056 438 1108 Parmenionis
449 1058 667 1110 sollicitudinem
678 1061 742 1110 iooo
754 1064 929 1126 prosecutus,

125 1124 347 1175 erubescendum
360 1123 546 1191 Hellesponto
557 1125 632 1190 fore,
650 1127 675 1178 si
689 1127 739 1177 illo
751 1132 883 1191 superato
894 1126 931 1175 ri-

124 1207 191 1242 vum
202 1189 274 1244 hunc
283 1193 403 1243 transire
415 1199 620 1246 cunctarentur.
656 1193 680 1245 9.
693 1194 843 1245 Tredecim
855 1197 930 1260 equi·
1009 1185 1010 1202 ¹

122 1267 184 1312 tum
194 1265 300 1310 turmae
311 1275 372 1310 cum
385 1261 448 1326 ipso
458 1275 526 1328 rege
537 1276 588 1328 per
599 1262 774 1314 obluctantes
784 1263 873 1312 undas
884 1262 930 1312 vix

122 1328 234 1389 enisae,
252 1327 412 1395 priusquam
427 1329 528 1379 stabile
543 1336 704 1399 certumque
719 1330 810 1380 solum
820 1331 929 1396 attigis-

121 1400 197 1458 sent,
212 1401 261 1446 aut
275 1394 387 1446 ordines
401 1397 475 1446 inter
488 1399 685 1450 transeundum
698 1398 810 1449 luxatos
824 1398 929 1448 instau·
976 1395 979 1404 '

119 1463 249 1518 rasione.
265 1461 433 1514 circumfuso
450 1463 599 1517 Persarum
612 1467 737 1533 equitatu
748 1465 928 1532 urgebantur.
1009 1503 1010 1508 ,

121 1533 165 1582 lo.
186 1529 295 1596 Quippe
312 1546 395 1597 quum
408 1531 555 1598 repudiato
570 1533 728 1584 Memnonis
742 1532 862 1583 consilio
881 1547 928 1599 pu·

89 1595 91 1602 '
121 1611 211 1668 gnare
223 1598 384 1664 placuisset,
396 1599 472 1659 (nam
480 1600 588 1650 Arsites
602 1599 743 1668 Phrygiae
754 1606 877 1666 satrapa,
893 1614 927 1648 ne

120 1680 208 1716 unum
223 1665 334 1730 quidem
350 1665 491 1732 tugurium
509 1680 619 1730 eorum,
637 1669 684 1734 qui
699 1669 753 1718 sibi
770 1667 927 1726 subessent,

121 1733 237 1784 incendi
252 1747 282 1782 se
302 1746 456 1797 passurum,
477 1733 670 1796 affirmaverat3
691 1735 774 1799 inque
789 1735 849 1784 eius
867 1747 927 1783 sen-

119 1801 241 1852 tentiam
251 1814 268 1850 a
278 1799 379 1850 ceteris
390 1799 459 1848 itum
470 1799 737 1863 erat)adGranieum
748 1815 854 1850 amnem
867 1815 927 1850 cum

122 1873 234 1920 centum
248 1867 373 1932 peditum
389 1864 526 1928 millibus,
542 1867 639 1934 viginti
653 1867 775 1933 equitum
795 1867 928 1917 consede-

120 1941 200 1997 rant,
211 1933 324 1985 flumine
339 1949 388 2001 pro
401 1935 571 1985 munimento
579 1935 677 1998 usuri,
692 1940 721 1985 et
733 1934 856 1984 vicissim
868 1949 927 1986 eam

122 2003 200 2053 velut
214 2003 297 2054 Asiae
312 2009 423 2068 portam
440 2002 562 2053 venienti
581 2002 739 2054 Alexandro
761 2002 926 2052 obseraturi.

124 2071 166 2120 ll.
188 2071 274 2122 Cuius
286 2070 406 2122 adventu
416 2073 545 2136 cognito,
557 2071 722 2138 equitatum,
737 2071 831 2136 inquo
842 2069 928 2120 robur

119 2142 185 2189 erat
195 2138 307 2199 uirium,
320 2138 361 2188 ita
371 2137 526 2199 collocant,
540 2145 571 2188 ut
583 2144 682 2190 contra
696 2139 824 2190 dexmum
834 2137 926 2188 Mace-

122 2206 226 2256 donum
239 2220 335 2267 cornu,
347 2204 422 2271 quod
431 2207 491 2270 ipse
501 2220 551 2256 rex
561 2206 689 2266 ducebat,
697 2209 772 2269 (nam
782 2205 926 2256 sinistrum
1009 2245 1010 2256 ,

122 2272 303 2324 Parmenioni
320 2273 521 2336 commiserat)
534 2273 667 2324 Memnon
682 2288 744 2322 cum
758 2271 823 2322 filiis
837 2279 864 2324 et
878 2275 925 2323 Ar·
951 2297 954 2301 ·

123 2355 190 2391 sane
203 2340 290 2390 Persa
300 2342 499 2390 consisterent:
513 2343 542 2391 in
556 2341 652 2392 eadem
665 2346 744 2406 parte
759 2341 865 2392 Arsites
880 2353 925 2391 cu-

122 2403 203 2458 rabat
213 2422 273 2458 cum
288 2405 500 2474 Paphlagonum
517 2406 641 2474 equitum
654 2407 778 2458 auxiliis:
793 2408 821 2458 ln
836 2408 925 2459 subsi-
1009 2433 1010 2436 ¹

123 2475 177 2525 diis
193 2472 380 2541 Spithridates
396 2481 470 2538 erat,
487 2489 574 2540 gener
587 2475 678 2542 regis,
693 2474 802 2542 Libyae
817 2476 925 2526 loniae-
1009 2491 1010 2512 ³

124 2556 177 2607 que
188 2549 310 2608 satrapa,
327 2541 472 2593 Rhoesace
486 2541 574 2592 fratre
590 2548 619 2593 et
631 2543 770 2608 Hyrcanis
784 2543 925 2610 equitibus

123 2610 281 2661 comitatus.
327 2611 367 2660 12.
392 2610 423 2660 In
443 2609 543 2660 dextra
561 2609 622 2661 acie
642 2607 849 2662 Rheomithrem
870 2610 925 2660 duo

123 2665 270 2728 Medor‘um
280 2677 376 2739 millia,
388 2677 560 2743 totidemque
573 2677 716 2730 Bactriani
726 2676 926 2744 sequebantur:

123 2745 243 2796 medium
268 2759 367 2814 agmen
392 2743 550 2796 Pharnaces
574 2746 689 2814 reginae
715 2745 816 2804 frater,
842 2740 927 2792 rlrbu·

924 2936 1010 3004 Ι
