2048 3034
76 209 126 262 168
292 207 463 268 QUlN'l'l
497 204 666 260 CURTll

74 325 142 362 vero
153 315 305 361 renovatus
316 317 359 361 est
369 324 491 371 moeror,
502 314 533 360 ut
543 313 698 375 prostatam
715 305 791 358 humi
801 307 883 358 vidit.

73 377 192 429 Recenti
202 377 276 428 malo
310 378 415 428 riorum
434 390 545 444 quoque
561 375 719 436 admonita,
731 372 882 442 receperat

73 447 102 496 in
114 445 250 512 gremium
268 394 378 496 aiultas
394 445 529 512 virgines,
548 459 593 494 ma
615 441 775 510 nequidem
789 443 881 493 mutui

74 512 181 566 doloris
192 513 306 577 solatia,
323 513 371 564 sed
383 513 482 580 quibus
493 513 555 577 ipsa
565 458 681 563 deberet
691 525 754 560 esse
764 511 879 561 solatio.

73 583 115 630 22.
137 579 402 647 inconspectuerat
418 595 504 645 nepos
524 578 664 647 parvulus,
686 577 720 629 ob
741 577 879 645 idipsum

73 647 260 711 miserabilis,
288 648 362 716 qaod
382 648 504 697 nondum
523 645 662 697 sentiebat
682 645 880 707 calamitatem,

72 715 191 765 maxime
203 723 326 782 exparte
341 714 376 766 ad
396 716 487 782 ipsum
506 713 716 766 redundantem.
752 713 794 764 23.
813 707 882 764 Cie-

73 783 165 845 detes,
183 782 372 843 Alexandrum
391 783 465 834 inter
485 798 550 834 suas
567 781 789 834 necessitudines
800 777 878 840 flere,

74 856 103 900 et
112 850 215 902 solatia
225 865 281 902 non
300 849 443 912 adhibere,
464 851 514 902 sed
534 863 677 917 quaerere.
714 847 783 900 Cibo
802 854 879 898 certe

73 918 219 970 abstinuit:
241 933 405 985 omnemque
415 917 551 969 honorem
560 916 661 978 funeri,
676 915 767 984 pltrio
780 913 881 965 Persa-

72 1001 133 1036 rum
143 1001 231 1049 more,
253 987 387 1036 servavit:
410 984 510 1052 dignus
525 984 649 1046 hercule,
671 985 717 1051 qui
728 997 801 1033 nune
812 997 879 1048 quo·

73 1069 127 1121 que
137 1060 244 1106 tantum
254 1053 475 1104 mansuetudinis
487 1059 515 1104 et
527 1045 715 1103 continentiae
730 1049 805 1100 ierat
823 1049 879 1100 iru-
904 1109 908 1116 ,
926 1055 927 1060 ’

73 1129 156 1172 ctum.
190 1122 231 1172 24.
244 1118 338 1172 Semel
348 1121 460 1170 omnino
473 1134 534 1170 eam
544 1120 660 1180 viderat,
674 1133 728 1186 quo
741 1116 786 1167 die
798 1122 880 1182 capta
903 1117 908 1130 '

74 1196 129 1252 est3
151 1203 202 1238 nec
213 1195 244 1238 ut
253 1189 351 1252 ipsam,
364 1187 414 1237 sed
424 1193 456 1236 ut
464 1187 545 1237 Darii
553 1193 669 1238 matrem
679 1185 801 1238 videtete
822 1187 880 1236 exi-

72 1257 211 1321 miamque
222 1252 457 1320 pulchritudinem
468 1253 575 1304 formae
597 1255 657 1305 eius
676 1268 733 1304 non
753 1252 880 1304 libidinis

73 1322 211 1373 babuerat
221 1321 440 1382 incitamentum,
459 1323 510 1372 sed
530 1322 648 1388 gloriae.
683 1320 725 1372 25.
745 1319 884 1387 Espade·

72 1390 162 1451 nibus,
174 1389 222 1456 qui
233 1390 307 1439 eirca
317 1390 442 1456 reginam
455 1397 543 1449 erant,
554 1389 699 1456 Tyriotes,
712 1389 787 1438 inter
796 1387 882 1454 trepi-

73 1457 216 1509 dationem
225 1456 379 1523 lugentium
391 1457 502 1522 elapsus
519 1471 639 1522 peream
658 1462 778 1522 portam,
800 1469 885 1522 quae„

73 1525 138 1592 quia
149 1523 183 1574 ab
193 1521 275 1574 hoste
290 1539 389 1575 aversa
408 1531 477 1585 erat,
497 1524 586 1575 levius
607 1523 827 1585 custodiebatur,
846 1519 882 1572 ad

70 1592 153 1642 Darii
163 1597 255 1642 eastra
265 1595 402 1658 pervenit:
422 1600 611 1660 exceptusque
622 1607 639 1642 a
648 1590 790 1658 vigilibus,
801 1591 829 1639 iu
841 1595 882 1639 ta·

71 1659 253 1710 bernaculum
272 1660 347 1727 regis
363 1661 533 1727 perducitur,
553 1675 667 1728 gemens
678 1664 707 1708 et
717 1665 796 1708 veste
805 1657 884 1708 lace·

71 1734 142 1778 rata.
178 1727 220 1778 26.
241 1727 330 1787 Quem
340 1734 371 1779 at
381 1730 527 1795 conspexit
539 1727 652 1789 Darius,
668 1725 820 1790 multiplici
831 1724 881 1775 do-

71 1794 142 1846 loris
157 1797 368 1861 exspectatione
386 1803 550 1859 commotus,
572 1794 683 1863 etquid
702 1793 880 1860 potissimum

72 1863 193 1926 timeret,
204 1865 337 1926 incertus,
363 1862 455 1914 Vultus
466 1873 534 1925 teias,
545 1863 645 1930 inquit,
655 1861 744 1912 nescia
758 1860 831 1927 qaod
838 1859 879 1909 in·

70 1946 138 1998 gens
148 1932 246 1982 rnatum
252 1931 393 1999 praefert:
410 1932 457 1981 sed
466 1947 529 1982 eane
544 1929 635 1981 miseri
643 1927 758 1980 bominis
769 1927 885 1979 auribus·

69 2013 177 2064 pareas.
213 1995 308 2049 Didiei
316 1999 385 2048 enim
396 2013 450 2048 esse
460 1997 571 2066 infelix:
591 2005 618 2048 et
626 2013 670 2048 eae
691 2013 704 2047 e
715 1993 880 2047 calamitatis

74 2065 256 2126 solatiamur,
269 2073 546 2116 nossesortemsaam.
583 2065 625 2114 27.
672 2080 724 2126 um,
741 2063 815 2132 qnod
822 2079 878 2114 ma·

72 2132 142 2184 xime
152 2133 273 2202 suspicor
293 2140 317 2183 et
326 2130 401 2196 loqui
409 2129 498 2193 timeo,
517 2131 635 2183 ludibria
645 2147 763 2183 meorum
773 2131 880 2182 nuntie

72 2208 148 2251 turus
158 2217 184 2252 es
190 2237 200 2262 ,
223 2198 297 2260 mibi,
309 2205 336 2248 et
344 2205 377 2246 nt
385 2198 473 2260 credo,
490 2197 554 2266 apsis
564 2213 676 2267 quoque,
688 2198 761 2250 omni
768 2198 879 2267 granio·

72 2283 106 2319 ra
124 2266 274 2333 supplicio?
307 2264 348 2314 28.
367 2263 412 2314 Ad
426 2263 503 2316 ,baec
522 2269 665 2334 Tyriotes,
684 2266 758 2318 istud
776 2265 880 2332 quidem

67 2334 258 2402 protelabat,
278 2332 381 2399 inquit:
402 2342 622 2402 quantaecunque
640 2333 710 2386 enim
720 2332 823 2402 reginis
833 2332 880 2384 bo-

73 2418 124 2452 nor
134 2401 167 2451 ab
177 2399 210 2451 iis
220 2398 371 2466 qaiparent
380 2400 580 2468 baberipoteet,
592 2403 643 2454 tuis
655 2419 671 2453 a
681 2401 782 2452 nictare
792 2416 881 2452 serva-

73 2476 115 2519 tus
127 2475 180 2519 eet:
200 2467 247 2518 sed
263 2483 335 2520 naor
354 2475 401 2520 tua
412 2470 506 2536 paullo
517 2479 579 2522 ante
590 2469 701 2522 excessit
712 2485 725 2519 e
735 2467 800 2518 nita.
837 2466 872 2518 29

73 2535 144 2586 Tum
155 2549 221 2586 vero
232 2550 288 2586 non
300 2537 420 2602 gemitus
429 2539 523 2601 modo,
540 2539 685 2590 sedetiam
697 2536 826 2598 eiulatus,
838 2542 881 2585 to-

72 2601 111 2651 tis
122 2605 221 2652 castris
232 2602 463 2654 exaudiebantur:
479 2621 530 2655 nec
541 2605 679 2656 dubitavit
688 2603 800 2666 Darius,
815 2604 882 2670 quin

73 2668 222 2720 interiecta
242 2677 327 2731 esset,
348 2671 415 2737 quia
433 2673 577 2738 nequisset
597 2671 793 2724 contumeliam
811 2671 880 2736 pati.

72 2733 271 2804 Exclamatque
282 2752 376 2790 amens
393 2737 505 2789 dolore:
527 2740 598 2805 qaod
615 2755 666 2807 ego
677 2745 783 2790 tantam
802 2736 883 2808 nefas
