2036 3030
117 253 119 262 γ
208 187 523 241 SUPPLEMENTA.
546 189 665 240 LIB.1.
690 189 776 242 CAP.
798 193 840 240 lo.
893 189 926 242 37

118 304 170 358 pro
193 290 304 370 ignaris
321 288 493 343 fastidiebat.
529 291 695 358 „Perpetuo
717 295 839 343 onmium
860 305 925 341 eon-

118 363 221 408 temtur
239 357 389 410 obnoxium
408 357 481 422 fore,
500 359 526 410 si
535 359 564 408 in
575 359 712 425 principio
724 361 803 428 regni
813 359 925 426 impune

119 439 151 477 se
162 427 257 491 sperni
266 431 418 491 pateretur.
453 425 494 477 Ad
506 440 615 476 omnem
627 425 757 492 deinceps
767 428 852 478 vitum
864 440 926 493 per-

117 495 220 555 tinere,
241 492 350 560 qualem
361 492 396 544 de
410 507 441 544 se
452 494 613 559 opinionem
632 495 662 543 in
671 495 769 545 animis
784 494 926 545 hominum

117 559 257 626 iucipiens
267 559 420 626 imperator
431 561 544 612 excitet.
557 562 597 610 ll.
611 557 733 627 Philippi
742 576 838 613 necem
851 559 926 611 baud

116 629 209 695 magis
229 627 302 690 sibi,
322 643 404 696 quam
422 627 595 690 rebellibus,
614 628 834 694 inexspectatum
853 630 929 679 acci·
1008 665 1009 670 η

118 695 210 751 disse:
227 695 399 762 trepidantes
411 693 511 758 adhue,
531 700 560 746 et
574 693 686 746 consilii
696 695 828 758 incertos,
847 695 925 746 nullo

116 762 234 830 negotio
254 763 374 828 opprimi
392 777 490 829 posse:
508 777 559 828 per
569 761 755 813 Macedonum
768 763 926 831 ‘cunctatio-

116 844 180 880 nem
191 829 263 897 erigi
274 829 424 881 seditionis
435 834 578 891 auctores3
598 835 627 880 et
641 829 688 895 qui
701 829 866 880 nuncetiam
878 845 925 879 nu-

116 902 212 948 tarent
223 897 336 959 animis,
357 896 587 947 tumultuantibus
598 911 773 947 accessuros.
808 896 926 945 ltacon-

116 971 161 1014 tra
176 970 291 1030 paratos
310 963 544 1030 confirmatosque
562 979 668 1030 anceps
693 964 842 1015 discrimen
862 961 925 1012 sub·

116 1031 252 1081 eundum:
270 1045 343 1080 nunc
362 1030 516 1083 celeritatis
535 1034 634 1099 magis,
649 1045 730 1099 quam
742 1033 849 1091 virium,
866 1043 923 1080 eer-

75 1112 79 1123 ·
115 1105 295 1148 tamenesse.
324 1099 364 1150 12.
395 1098 512 1160 Quodsi
522 1098 655 1150 advorsus
666 1099 794 1166 singulos
805 1097 924 1148 audacia

114 1179 175 1216 non
186 1170 273 1227 esset,
293 1165 358 1232 quid
369 1166 469 1217 deinde
480 1165 616 1229 bitumum,
637 1169 662 1218 si
676 1173 779 1217 metum
790 1164 922 1216 confesso

115 1246 215 1286 omnes
233 1247 289 1283 uno
312 1233 419 1301 impetu
441 1233 756 1302 superfunderenturi“
791 1233 831 1287 13.
868 1233 922 1283 llis

115 1299 218 1350 deinde
240 1302 424 1369 congruentia
443 1302 478 1353 ad
499 1303 632 1369 populum
654 1302 784 1365 locutus,
808 1301 922 1362 adiecit,

114 1365 302 1430 ,‚effeeturum
311 1383 353 1432 se,
360 1375 393 1420 ut
402 1370 478 1421 cives
489 1367 641 1436 hostesque
648 1368 733 1421 fateri
744 1375 922 1436 cogerentur,

115 1441 214 1500 erepto
227 1441 304 1500 patre
316 1451 417 1504 corpus
432 1451 588 1504 nomenque
606 1438 683 1504 regis
698 1444 833 1487 mutatum
849 1449 922 1496 esse,

114 1501 263 1578 couqilium
273 1503 448 1572 animumque
460 1519 516 1556 non
533 1505 698 1557 desiderari.
726 1505 766 1556 14.
794 1504 862 1555 Earn
879 1517 924 1554 re-

112 1584 175 1620 rum
201 1571 412 1622 conversionem
440 1573 589 1624 nonnullos
618 1574 795 1624 occasionem
822 1570 923 1622 tumul·

112 1637 212 1688 tuendi
222 1641 377 1703 putavisse3
397 1639 447 1690 sed
457 1639 652 1706 brevipoenas
664 1639 787 1691 daturos.
808 1639 849 1690 15.
860 1637 923 1688 Mo-

114 1704 151 1756 do
162 1704 334 1757 Macedones
346 1706 460 1756 eosdem
471 1707 588 1769 animos,
608 1708 722 1757 eosdem
737 1709 861 1758 lacertos
869 1705 924 1755 sibi

114 1771 336 1834 commodarent,
358 1787 428 1889 quos
438 1778 517 1823 tanta
529 1788 591 1823 cum
603 1775 726 1838 ipsorum
745 1774 845 1839 glorio,
865 1777 925 1820 tan·

113 1847 201 1908 toque
212 1840 348 1891 victoriae
371 1845 465 1900 ructu,
484 1840 558 1905 patri
571 1854 622 1890 suo
632 1852 682 1906 per
691 1845 735 1890 tot
745 1853 833 1889 annos
845 1849 925 1903 prae-

115 1909 265 1959 stitissent
285 1907 325 1959 lo.
346 1907 378 1958 ld
387 1922 442 1974 quo
453 1908 588 1974 promtius
600 1907 776 1973 alacriusque
788 1904 924 1966 facerent,

116 1975 240 2026 omnium
263 1981 377 2042 praeter
397 1975 516 2026 militiae
540 1977 714 2026 vacationem
734 1974 804 2040 ipsis
826 1987 924 2023 couce-

116 2043 214 2094 dere.“
250 2043 291 2094 17.
321 2043 476 2094 Consilium
493 2043 569 2110 regis
588 2042 702 2094 fortuna
723 2039 923 2106 comprobavit.

82 2143 89 2152 -
116 2109 181 2161 Non
191 2123 222 2160 se
244 2110 320 2172 nius,
340 2125 421 2177 quam
431 2111 543 2162 locutus
557 2109 663 2172 fuerat,
685 2109 797 2176 singula
811 2121 925 2175 aggres-

115 2192 177 2229 sum
196 2126 378 2229 felicissimus
405 2180 528 2229 omnium
552 2179 643 2230 exitus
668 2183 781 2228 secutus
802 2181 854 2226 est.
889 2175 926 2226 Et

115 2247 262 2311 Amyntam
273 2244 394 2312 quidem,
404 2244 565 2311 patefactis,
580 2262 648 2314 quas
658 2245 707 2294 ille
720 2248 870 2306 struxerat,
884 2245 925 2293 in·

116 2312 207 2374 uitiis,
220 2313 377 2378 occuparit:
396 2312 517 2364 Attulum
527 2329 577 2380 per
587 2315 761 2364 Hecataeum
772 2317 801 2362 et
812 2310 925 2362 Perme-

114 2380 229 2430 nionem
242 2380 365 2431 sustulit.
401 2381 442 2432 18.
464 2380 562 2443 Exiis,
574 2396 644 2448 quos
654 2380 684 2430 in
693 2377 816 2447 Philippi
825 2382 924 2431 nece‘m

115 2446 295 2498 consensisse
324 2461 420 2498 rumor
445 2448 599 2515 arguebat,
629 2462 712 2498 unum
738 2447 924 2498 Alexandrum

113 2512 286 2580 Lyncestem
297 2515 401 2566 exemit
409 2515 558 2582 supplicio,
578 2516 653 2583 quod
671 2516 816 2580 imperium
836 2515 923 2564 susei-

113 2582 203 2647 piuuti
214 2581 361 2644 adfuisset,
380 2583 541 2650 primusque
556 2596 652 2650 regern
666 2582 829 2633 salutasset:
848 2585 924 2630 cete-

112 2661 162 2699 ros
175 2649 287 2700 oceidit.
324 2649 365 2700 19.
392 2651 434 2700 Ea
451 2652 601 2701 severitate
612 2646 923 2701 suamsaluteminvin·

114 2715 191 2768 dicta
198 2715 320 2782 Philippi
331 2717 432 2768 muniri
444 2716 589 2778 credeban
598 2716 683 2768 simul
692 2715 801 2767 aboleri
810 2712 923 2769 fanium,
