2036 3030
79 156 82 164 ’
144 167 175 215 12
323 153 761 214 10.nNN.FRmNsuamll

145 265 221 330 lippo
235 264 334 330 ingens
347 264 532 314 institutionis
547 278 614 315 suae
630 263 748 330 pretium
761 262 877 324 tulerat,
897 264 961 314 im-

144 337 264 398 petrato,
276 337 306 381 ut
315 332 343 380 in
356 331 443 398 ipsius
454 331 572 397 gratiam
583 332 672 398 patria
681 332 893 382 instauraretur.
907 332 960 384 13.

145 397 295 465 Olynthios
307 396 450 465 Philippus
465 398 616 449 acerrimos
633 397 728 449 hostes
743 404 874 464 expertus
888 397 959 450 lue-

143 473 202 516 rat:
226 481 286 516 nam
300 467 384 517 vicini
403 465 601 528 Macedoniae,
621 471 650 517 et
667 466 794 532 potentia
813 464 958 518 hactenus

144 531 218 583 haud
228 534 356 599 impares,
369 534 523 599 aegerrime
533 533 663 596 tulerant,
672 533 723 584 sub
733 547 800 600 rege
809 533 957 584 bellicoso

145 599 278 666 vafroque
289 616 319 652 re
341 602 368 651 ni
382 616 449 667 opes
461 614 601 662 crescere,
623 601 728 652 accolis
739 601 889 668 perniciem
902 610 959 653 aut

145 669 288 718 servitium
311 617 452 719 allaturas.
499 669 539 719 14.
568 669 643 736 Ergo
669 684 723 735 quo
747 668 956 720 infensioribus

145 737 244 786 animis
257 743 390 788 certatum
403 742 460 798 est,
481 749 515 786 eo
532 737 659 803 asperior
673 736 791 787 victoria
800 735 863 786 suit.
899 737 955 786 Ur·

143 803 206 854 hem
224 812 330 871 captam
351 803 542 870 direptamque
554 804 616 854 solo
638 806 768 870 aequavit
791 801 954 869 Philippus:

145 872 220 922 cives
231 873 352 922 veniere.
388 873 419 922 ln
432 873 541 937 reliqua
556 873 639 922 etiam
658 871 773 922 ditionis
788 885 884 921 eorum
901 886 954 937 op-

144 939 210 1006 pida
221 941 355 988 saevitum
367 944 418 988 est.
453 938 530 988 lnter
540 954 610 1006 quae
628 938 781 1006 Stagiram‚
801 939 875 988 unde
888 939 952 988 Ari-

145 1007 262 1056 stoteles
275 1021 361 1070 genus
373 1004 500 1067 ducebat,
512 1021 562 1071 par
573 1006 716 1057 calamitas
728 1006 867 1057 obruerat.
905 1007 949 1056 15.

143 1073 211 1128 Eam
231 1079 289 1121 tum
308 1072 383 1138 regis
403 1073 540 1137 permissu
556 1079 638 1140 atque
653 1074 752 1140 opibus
780 1088 814 1125 ex
833 1074 948 1140 integro

145 1139 284 1202 condidit3
304 1139 506 1207 restitutaeque
523 1139 602 1205 leges
616 1140 689 1202 tulit,
709 1141 808 1207 quibas
822 1148 949 1206 postmo-

146 1205 209 1255 dum
221 1221 270 1256 usa
281 1212 331 1257 est.
353 1206 396 1256 lta
405 1221 485 1273 quam
496 1212 615 1257 stantem
626 1205 827 1274 florentemque
836 1213 881 1258 tot
890 1208 949 1260 for-

143 1275 212 1323 tium
223 1273 343 1323 virorum
355 1289 451 1324 manus
462 1273 495 1324 ab
505 1275 616 1326 excidio
628 1273 777 1340 prohibere
788 1282 948 1340 nonpotue-

143 1350 218 1402 rant,
241 1354 301 1390 eant
313 1341 453 1390 incensam
469 1347 551 1408 atque
567 1342 684 1392 dirutam
700 1342 781 1392 unius
793 1341 861 1392 civis
874 1345 949 1394 exci-

143 1408 213 1458 tavit
222 1407 371 1473 ingenium.
408 1408 447 1458 16.
465 1408 566 1469 Quanti
578 1415 669 1461 autem
680 1409 862 1460 Aristotelem
872 1409 949 1462 fece·

142 1476 179 1526 rit
189 1472 342 1541 Philippus,
349 1474 412 1526 hinc
423 1476 505 1525 etiam
516 1477 658 1528 aestimari
667 1483 768 1542 potest,
775 1478 947 1545 qrrod-saepe

142 1542 229 1591 filium
240 1543 354 1604 monuit,
366 1551 398 1594 ut
407 1543 456 1593 sub
467 1549 523 1592 tam
534 1544 636 1594 idoneo
646 1545 780 1611 magistro
792 1545 948 1611 sapientiae

143 1625 259 1676 gnavam
274 1624 385 1676 operam
401 1610 493 1671 daret,
512 1626 546 1661 ne
562 1627 627 1662 mox
645 1613 731 1663 multa
749 1613 945 1675 committeret,

143 1677 264 1745 qualium
276 1692 375 1728 caussa
383 1679 444 1745 ipse
455 1678 560 1744 pudore
572 1687 600 1729 et
610 1681 946 1746 poenitentiaangeretur.

144 1746 184 1795 l'l.
196 1745 284 1812 Igitur
294 1752 393 1811 postea
403 1761 513 1813 quoque
523 1748 649 1798 maximis
660 1748 742 1798 rebus
754 1749 877 1798 intentus
884 1747 946 1798 Ale-

142 1815 257 1876 xander,
277 1830 332 1864 non
347 1813 441 1865 omisit
454 1829 498 1863 ma
530 1821 616 1865 strum
631 1815 771 1877 venerari3
791 1814 947 1881 crebroque

142 1896 192 1948 per
202 1881 299 1933 literas
310 1882 489 1948 compellavit
499 1829 528 1930 l]
537 1882 654 1942 minem,
671 1896 723 1930 nec
737 1881 947 1948 disciplinarum

142 1949 226 2000 modo
237 1963 350 2009 arcana,
367 1951 415 1998 sed
427 1955 569 1998 etmorum
579 1947 703 1998 remedia
713 1948 802 2013 petiit.
841 1950 880 1999 18.
899 1952 946 2002 at-

163 2031 196 2064 ue
215 2015 264 2064 ille
279 2017 437 2078 rescripsit,
459 2013 557 2079 quibus
571 2013 659 2078 ipsius
674 2020 757 2083 atque
772 2017 947 2068 subditorum

143 2033 275 2134 lelicitati
286 2083 441 2138 consultum
453 2080 629 2146 opinabatur:
643 2083 826 2146 meminisset,
841 2090 947 2136 tantam

142 2151 196 2216 ipsi
208 2163 370 2200 coricessam
382 2162 444 2198 esse
453 2148 618 2214 potentiam,
633 2155 664 2199 ut
673 2152 821 2216 prodesset
829 2149 947 2202 homini·

142 2216 204 2278 hus,
216 2233 271 2268 non
282 2222 312 2266 ut
323 2230 372 2266 eos
382 2214 519 2266 laederet:
530 2217 588 2266 irae
600 2232 719 2284 quoque,
731 2219 759 2269 in
770 2233 849 2285 quam
860 2221 947 2270 maxi·

143 2297 187 2334 me
208 2283 388 2348 praecipitem
410 2288 538 2344 noverat,
564 2285 675 2336 modum
699 2292 829 2352 poneret3
856 2299 948 2354 nequa

144 2349 216 2401 enim
226 2350 400 2401 irascendum
409 2348 601 2402 inferioribus:
612 2367 705 2418 parem
717 2360 809 2404 autem
818 2354 874 2419 ipsi
882 2369 947 2406 esse

142 2417 288 2468 neminem.
326 2417 365 2466 19.
383 2417 425 2467 nd
435 2425 604 2483 postremum
618 2427 710 2470 tamen
722 2421 813 2471 animo
824 2423 879 2471 iam
890 2421 947 2472 ela-

142 2486 199 2535 tior
209 2499 339 2550 spernere
351 2486 528 2552 eumcoepit:
547 2489 710 2553 praesertim
723 2503 804 2603 (prum
816 2489 850 2538 ob
863 2489 948 2540 Calli-

143 2551 249 2604 sthenis
266 2553 369 2602 exitum
383 2551 514 2604 infestum
532 2555 600 2616 sibi,
621 2561 650 2605 et
664 2569 729 2620 prae
745 2569 775 2603 er
791 2557 947 2622 sapientiae

141 2626 300 2687 praecepta,
311 2620 394 2670 etiam
405 2621 543 2672 vindictae
554 2637 647 2683 causa,
661 2620 839 2674 ambitionem
850 2621 946 2674 huma·

142 2703 206 2739 num
217 2687 360 2755 fastigium
372 2687 563 2754 despicientis,
578 2688 811 2756 disputationibus
822 2693 946 2757 exagita-
