2036 3030
80 149 83 156 ’
152 171 470 227 surnuuuunra.
490 174 568 226 uru.
588 177 608 226 ι.
629 177 714 230 cnr.
732 178 757 228 a.
829 181 859 228 ιι

49 274 204 344 losophunr
222 277 375 343 accepisse.
409 276 435 326 4.
458 277 534 328 Adeo
557 285 648 329 autem
670 281 859 346 cognitionem

49 345 132 396 illam
150 344 261 407 dilexit,
281 345 432 395 utineam
449 351 569 395 sumtum
578 344 694 410 faceret,
711 363 859 416 curamque

48 412 240 478 impenderet,
258 412 338 463 cuius
354 409 473 463 fructum
489 414 598 464 visurus
612 429 669 465 non
682 422 751 466 erat.
788 416 860 467 Post

48 487 165 530 centum
179 493 266 530 annos
277 481 352 544 capti
361 485 425 528 sunt
435 480 511 530 cervi
526 495 588 530 eum
598 483 744 549 torquibus
755 484 857 544 aureis,

49 563 125 614 quos
136 545 291 608 addiderat,
308 552 340 596 ut
349 547 395 596 vel
404 547 511 612 posteri
522 556 741 614 cognoscerent,
755 558 859 619 quauta

48 615 123 666 tides
138 611 263 665 habenda
274 613 349 666 foret
359 614 408 675 iis,
429 629 500 680 quae
514 615 549 665 de
564 615 683 666 istorum
699 619 857 669 animalium

48 681 243 748 longaevitate
262 679 432 732 ferebantur.
467 682 492 731 5.
513 681 728 734 sublimioribus
747 701 857 752 quoque

48 749 218 814 disciplinis,
240 764 308 815 quas
328 749 701 816 acroamaticas'appellant,
722 753 858 804 eruditum

47 817 150 879 fuisse,
161 817 251 881 ipsius
260 822 381 866 testatur
391 815 526 883 epistola,
541 831 596 882 qua
606 818 740 884 queritur,
755 819 859 870 Aristo·

48 885 136 936 telem
154 884 180 934 di
204 885 320 934 nitatem
334 898 430 933 carum
445 882 582 950 evulgatis
597 888 754 951 praeceptis
768 885 860 950 profa-

48 966 143 1003 nasse.
182 899 206 1001 ξ.
226 951 262 1002 Et
271 951 320 1000 ille
331 951 485 1013 excusavit,
496 951 665 1014 rescribens,
677 953 717 1002 ita
727 952 815 1004 libros
826 953 859 1002 il-

48 1021 92 1072 los
110 1033 176 1070 esse
193 1019 298 1079 editos,
318 1023 348 1068 ut
363 1015 459 1068 haberi
472 1020 580 1084 possint
595 1034 645 1084 pro
660 1020 788 1071 ineditis:
809 1035 860 1071 nec

49 1089 126 1138 enim
139 1100 305 1152 quemquam
315 1086 480 1136 sententiam
491 1087 614 1153 ipsorum
624 1102 860 1154 magnopereper-
876 1098 878 1104 ’

50 1161 200 1222 cepturum
212 1167 283 1214 esse,
292 1153 354 1214 uisi,
362 1168 432 1220 quae
443 1154 477 1204 iis
489 1155 767 1218 continerentur,iam
777 1162 860 1206 autea

51 1222 212 1274 didicisset.
245 1222 271 1282 J.
291 1220 365 1271 ldenr
377 1237 460 1287 quum
470 1219 622 1272 Rhetorica
631 1221 665 1272 ab
677 1237 710 1272 eo
723 1223 859 1289 exigeret,

49 1290 177 1340 sollicite
188 1289 289 1351 vetuit,
299 1303 334 1339 ne
346 1289 463 1339 aliorum
475 1291 557 1339 etiam
568 1289 595 1338 in
606 1304 703 1339 manus
714 1293 859 1354 pervenire

47 1365 205 1422 pateretur.
224 1355 320 1423 Neque
332 1359 404 1406 enim
415 1357 504 1406 minus
515 1355 640 1407 honestis
653 1357 767 1416 artibus,
779 1373 859 1423 quam

48 1425 192 1490 potentia,
213 1431 323 1474 ceteros
335 1429 477 1490 praestare
489 1424 630 1490 cupiebat:
650 1424 858 1491 indignabatur-

49 1508 112 1558 que‚
128 1491 328 1542 communicari
344 1491 454 1542 laudem
468 1492 544 1541 illam
561 1505 622 1541 oum
633 1489 804 1543 humillimis.
833 1492 858 1543 8.

48 1559 210 1609 Medicinae
221 1573 329 1625 quoque
341 1559 434 1609 studio
450 1559 583 1608 imbutum
598 1559 633 1609 ab
647 1559 812 1622 Aristotele,
829 1561 874 1610 li,

50 1626 88 1676 lio
101 1627 215 1686 medici,
227 1639 261 1674 ex
273 1631 355 1692 geute
365 1627 599 1690 Asclepiadarum,
610 1625 693 1685 fidem
703 1628 791 1692 ipsius
802 1628 859 1694 epi·

50 1694 141 1743 stolae
153 1692 269 1742 iaciunt.
304 1691 329 1740 9.
349 1692 417 1742 Eam
432 1699 523 1742 autem
538 1690 732 1760 philosophiae
743 1701 858 1759 partem,

50 1775 120 1824 quae
136 1759 192 1810 sibi
209 1758 327 1823 aliisque
342 1759 428 1824 probe
444 1760 579 1823 imperare
595 1759 689 1821 ducet,
708 1761 749 1810 ita
762 1760 858 1822 coluit,

52 1835 80 1876 ut
90 1826 329 1895 magnanimitate,
342 1825 498 1892 prudentia,
510 1827 701 1892 temperantia,
718 1825 860 1877 fortitudi-

50 1908 92 1955 ue,
105 1905 189 1960 quam
200 1896 283 1944 armis
298 1900 327 1944 et
337 1893 436 1958 opibus
446 1893 618 1954 instructior,
634 1898 738 1943 tantam
749 1894 859 1960 imperii

50 1959 160 2012 Persici
181 1961 284 2012 molem
303 1961 437 2011 subruere
458 1975 609 2028 aggressus
624 1967 779 2012 censeatur.
817 1964 858 2012 lo.

52 2027 113 2092 lpse
125 2031 236 2096 quidem
247 2029 427 2095 praedicavit,
439 2044 494 2079 non
504 2028 594 2079 minus
605 2043 635 2079 se
646 2028 859 2080 deberehristo·

52 2095 117 2158 teli,
132 2113 214 2162 quam
225 2096 369 2163 Philippo:
384 2095 465 2146 huius
477 2097 549 2146 enim
560 2113 658 2148 munus
669 2096 769 2160 fuisse,
782 2097 858 2163 quod

52 2163 170 2224 uiueret3
185 2164 271 2225 illius,
288 2164 362 2230 quod
373 2162 491 2214 honeste
502 2164 616 2215 viveret.
655 2167 693 2214 ll.
714 2163 857 2230 lngeuium

53 2233 142 2281 tamen
162 2232 262 2282 ardens
279 2232 440 2292 ambitione,
460 2232 545 2282 nimia
560 2230 676 2282 honoris
692 2231 856 2300 gloriaeque

54 2299 275 2359 praedicatione,
291 2315 371 2368 quam
387 2300 461 2350 inter
474 2313 577 2365 genera
586 2299 723 2348 bonorum
734 2298 856 2352 referen-

55 2361 114 2413 dam
128 2381 191 2416 esse
201 2367 366 2418 Aristoteles
378 2367 512 2428 sciverat,
529 2367 632 2417 elatum
642 2364 739 2428 fuisse,
758 2374 855 2420 utnon

55 2431 136 2482 modo
146 2434 256 2499 imperii
272 2433 443 2501 prorogandi
453 2434 544 2500 gratia
558 2427 634 2483 bella
644 2447 678 2484 ex
688 2435 770 2486 bellis
780 2450 858 2486 sere·

54 2505 104 2571 ret,
123 2515 216 2551 verum
237 2503 320 2552 etiarn
337 2501 414 2552 Deus
435 2499 530 2551 haberi
552 2500 649 2562 vellet,
670 2502 781 2569 quidum
800 2518 856 2552 nou

55 2567 190 2617 unmerito
201 2569 354 2620 credidere.
392 2571 432 2621 12.
452 2569 590 2629 Ceterum,
602 2583 658 2618 non
669 2570 759 2619 solum
770 2570 858 2634 impe·

55 2639 131 2682 rante
141 2635 310 2698 Alexandro,
330 2636 432 2686 eximio
447 2634 554 2686 honore
570 2636 751 2701 unanimisque
763 2649 856 2685 mune·

55 2696 128 2750 ribus
140 2700 256 2752 affectus
267 2710 311 2755 est
319 2703 498 2755 Aristoteles:
517 2701 568 2752 sed
580 2708 609 2752 et
619 2704 680 2755 vivo
693 2701 782 2752 adhuc
793 2700 855 2752 Phi·
