2082 3042
438 28 464 54 ,a

232 171 234 176 ’
271 203 418 255 aranu
444 204 510 256 vu.
540 204 637 256 ear.
667 207 707 256 11.
845 203 896 254 sos

84 307 129 357 23.
149 303 262 372 Cophes
273 306 410 356 admissus
420 307 538 357 suadere
550 307 644 372 coepit
652 305 773 356 Arimazi
788 312 893 372 petram

84 372 212 434 tradere,
232 374 350 438 gratiam
361 373 436 439 regis
446 375 566 434 inituro,
586 373 611 422 si
621 379 712 425 tantas
723 388 768 423 res
778 373 894 424 molien-

84 447 145 504 tem
160 442 190 489 in
205 440 287 489 unius
301 442 377 506 rupis
392 441 539 491 obsidione
550 438 666 490 haerere
677 455 732 489 non
742 441 893 506 obtigisset.

85 507 150 569 llle,
171 505 294 558 ferocius
306 508 506 575 superbiusque
518 523 599 573 quam
609 512 693 556 antea
702 505 821 568 locutus,
837 508 894 559 abi-

86 589 120 624 re
131 572 246 646 Copberr
255 573 340 625 iubet.
376 575 418 624 24.
436 576 471 626 At
480 576 506 626 is
517 572 684 640 prehensum
700 587 783 622 manu
797 573 894 624 barba-

85 657 149 691 rum
160 647 250 708 rogat,
270 648 301 692 ut
310 656 405 692 secum
416 647 496 692 extra
505 656 617 710 specum
627 639 758 706 prodeat:
780 654 835 705 quo
845 641 893 690 im-

108 713 209 770 etrato‚
219 709 333 760 iuvenes
344 710 372 758 in
383 709 525 760 cacumine
537 707 791 772 ostendit,eiusque
800 720 894 772 super-

85 724 153 826 biae
164 773 235 826 haud
245 776 385 826 immerito
396 776 532 843 illudens,
552 775 650 840 pinnas
661 775 701 824 ait
711 773 814 824 habere
825 775 908 824 mili··

85 849 132 895 tes
143 843 303 894 Alexandri.
339 842 380 892 25.
400 843 512 910 lamque
523 856 538 892 e
549 842 734 892 Macedonum
746 841 847 891 castris
858 841 893 892 si·

87 925 207 978 gnarum
226 916 378 960 concentus
394 914 423 961 et
434 911 522 960 totius
533 909 672 960 exercitus
680 908 790 958 clamor
801 908 894 959 audie·

86 977 178 1028 batur.
215 977 256 1026 Ea
275 991 332 1037 res,
350 977 424 1026 sicut
438 976 571 1042 pleraque
585 976 654 1026 belli
669 991 740 1025 vana
751 982 780 1025 et
789 976 893 1036 inania,

84 1043 225 1094 barbaros
236 1042 271 1093 ad
281 1043 451 1094 deditionem
462 1045 555 1094 traxit.
580 1043 688 1110 Quippe
700 1043 828 1109 occupati
838 1057 893 1092 me-

86 1117 128 1173 tu,
149 1110 317 1178 paucitatem
328 1125 432 1174 eorum,
456 1113 501 1179 qui
514 1118 620 1177 atergo
636 1117 723 1172 erant,
743 1111 893 1161 aestimare

85 1194 145 1246 nou
158 1183 296 1245 poterant
330 1176 371 1228 ro.
391 1179 487 1246 ltaque
504 1177 618 1245 Cophen
633 1183 707 1243 (nam
718 1179 892 1243 trepidantes

86 1246 253 1312 reliquerat)
264 1251 378 1297 strenue
387 1254 531 1310 revocant3
543 1253 572 1298 et
581 1262 642 1297 aum
653 1261 687 1296 eo
699 1245 781 1296 XXX
790 1245 892 1312 princi·

86 1328 137 1381 pes
151 1313 271 1374 mittunt,
291 1313 337 1380 qui
352 1319 458 1379 petram
470 1314 593 1376 tradant,
615 1320 644 1364 et
657 1320 688 1364 ut
704 1312 892 1365 incolumibus

88 1381 166 1432 abire
177 1380 275 1444 liceat,
285 1383 471 1448 paciscantur.
505 1384 547 1432 27.
566 1381 627 1444 lile,
638 1395 801 1448 quamquam
813 1395 890 1432 rere·

3 1490 4 1513 p
26 1503 29 1508 ,
85 1447 180 1508 batur,
201 1463 236 1498 ne
249 1454 398 1514 conspecta
412 1450 541 1499 iuvenum
554 1449 695 1514 paucitate
709 1447 891 1500 detraherent

4 1565 5 1584 χ
88 1531 139 1567 eos
148 1515 275 1576 barbari3
286 1523 378 1564 tamen
389 1522 418 1566 et
427 1514 556 1565 furtunae
567 1528 634 1565 suae
645 1514 782 1576 conlisus,
794 1521 822 1565 et
831 1516 890 1564 Ari·

86 1582 161 1634 mazi
172 1582 318 1647 superbiae
331 1579 465 1642 infensus,
485 1580 589 1631 nullam
599 1595 629 1630 se
642 1580 832 1632 conditionem
843 1580 890 1630 de-

86 1651 204 1702 ditionis
215 1648 342 1714 accipere
352 1647 506 1713 respondit.
541 1647 582 1698 28.
597 1647 748 1707 Arimazes,
760 1647 890 1713 despera·

86 1719 124 1770 tis
135 1716 225 1784 magis
237 1729 317 1781 quam
327 1714 443 1782 perditis
453 1713 547 1775 rebus,
567 1728 627 1763 cum
637 1713 801 1779 propinquis
812 1713 891 1763 nobi·

86 1783 259 1848 lissimisque
279 1783 371 1849 gentis
389 1795 457 1832 suae
477 1779 623 1832 descendit
639 1781 668 1830 in
688 1786 791 1829 castra:
821 1794 891 1846 quos

89 1865 185 1905 omnes
197 1850 360 1900 verberibus
370 1847 489 1900 affectos
500 1848 551 1898 sub
561 1848 631 1914 ipsis
641 1845 783 1897 radicibus
793 1852 891 1912 petrae

6 1957 7 1978 2
90 1919 217 1972 trucibus
235 1919 318 1969 iussit
338 1918 423 1986 afligi.
467 1913 509 1966 29.
527 1914 679 1967 Multitudo
699 1913 891 1964 dedititiorum

88 1985 190 2040 ineolis
204 2001 335 2036 novarum
346 1986 454 2037 urbium
465 1999 527 2036 cum
537 1983 655 2051 pecunia
666 1988 747 2049 capta
757 1981 832 2032 dono
844 1981 892 2032 da·

88 2061 117 2108 ta
125 2060 181 2105 est:
192 2055 345 2105 Artabazus
355 2054 383 2104 in
393 2059 488 2120 petrae
498 2051 770 2120 regionisque,‚quae
781 2046 893 2116 apposi-

7 2135 8 2148 ¹
90 2126 203 2174 memet
212 2121 249 2184 ei,
259 2121 349 2172 tutela
359 2121 483 2172 relictus.
