2036 3030
92 151 128 198 s
283 119 418 198 sensu.
437 146 710 198 rasmsnmun

91 251 163 300 rium
177 249 348 314 sculptorum
362 246 533 313 pictorumve
548 248 705 298 temeritate
719 249 775 299 oris
791 248 834 298 sui
845 246 895 298 ho-

92 332 144 366 nor
155 315 358 376 obsolesceret,
373 314 498 365 studiose
513 315 600 378 cavit;
614 329 731 380 poenam
746 315 893 366 commina-

91 391 147 445 tus,
161 384 185 434 si
200 383 262 450 quis
271 382 379 433 iniussu
390 396 440 432 suo
452 388 608 432 conaretur.
645 381 720 450 Ergo
736 383 896 433 abundante

91 457 149 501 tum
164 451 300 502 artificum
314 451 407 516 copia,
426 449 566 500 volentem
581 465 650 499 unus
663 449 778 516 Apelles
793 450 892 515 pinxit,

91 517 208 583 sculpsit
225 516 408 584 Pyrgoteles,
430 516 571 583 Lysippus
595 523 624 567 et
643 517 807 584 Polycletus
825 530 891 568 aere

91 584 236 636 duxerunt.
273 585 312 634 14.
332 583 494 635 citatiorem
506 598 632 651 gressum
641 584 784 636 Leonidae
795 584 892 636 vitium

89 651 187 713 luisse,
207 651 312 716 ferunt;
334 667 370 704 ex
386 652 475 717 ipsius
489 651 696 702 consuetudine
718 653 747 703 id
766 651 893 702 haesisse

88 719 259 770 Alexandro:
272 721 346 787 quod
357 725 463 786 postea,
471 720 741 785 quomenixevellet,
749 719 891 784 porrigere

89 801 145 837 non
157 789 288 853 potuerit.
325 787 459 854 Equidem
474 787 634 838 educationi
647 787 793 854 plurimum
807 786 894 836 tribui

91 853 202 918 debere,
223 869 278 905 non
292 854 416 918 inliteor3
435 861 558 906 ceterum
579 854 632 904 hoc
647 855 757 921 quidem
775 860 892 904 naturae

89 925 183 989 potius
199 921 396 982 adolescentis,
409 935 490 987 quam
504 921 684 984 assuetudini‚
701 921 817 986 deput03
835 925 892 970 ete·

89 990 146 1040 nim
160 989 190 1040 in
203 988 315 1039 homine
331 988 525 1038 velocissimae
539 989 640 1039 mentis
658 1002 804 1040 necessum
821 991 890 1046 erat,

88 1062 121 1107 ut
136 1057 264 1108 ardorem
278 1054 361 1104 enimi
372 1055 498 1120 corporis
515 1055 598 1105 etiam
611 1061 702 1106 motus
716 1059 893 1121 sequeretur·

90 1123 131 1174 15.
160 1123 249 1184 Quem
269 1121 339 1171 adeo
360 1123 461 1171 nonin
483 1120 552 1171 vitio
571 1136 691 1188 posuere
711 1135 890 1172 successores

88 1191 187 1256 ipsius,
195 1195 226 1240 ut
237 1188 319 1239 etiam
331 1188 456 1239 studi'ose
464 1188 679 1250 aemularentur3
691 1189 773 1240 simul
781 1188 895 1252 depres-

89 1258 165 1308 siore
175 1258 205 1307 in
215 1255 324 1306 laevum
334 1254 417 1318 collo,
429 1255 554 1306 obtutum
564 1255 624 1305 eius
634 1255 796 1316 vibrantem,
802 1260 831 1304 et
837 1253 892 1304 ela·

88 1325 191 1383 tiorem
205 1337 301 1374 vocem
321 1322 433 1384 imitati,
455 1338 537 1389 quum
551 1323 672 1372 animum
685 1337 741 1372 non
757 1322 891 1388 exprime-

88 1397 163 1442 rent:
198 1391 280 1457 uippe
290 1389 470 1456 plurimorum
482 1404 517 1440 ex
526 1389 584 1440 illis
593 1388 679 1456 longa
687 1390 746 1440 vita
758 1389 804 1440 vix
814 1388 892 1454 quid-

90 1474 171 1526 quam
180 1406 278 1508 {abuit
291 1458 418 1524 dignum,
432 1456 507 1524 quod
523 1471 585 1507 cum
598 1454 677 1512 liuius
687 1457 808 1522 pueritia
818 1471 893 1506 com-

88 1531 241 1593 pararetur.
278 1524 317 1573 lli.
337 1522 434 1590 Neque
450 1524 523 1574 enim
537 1523 685 1590 quidquam
701 1530 748 1574 aut
760 1523 892 1591 loqueba-

88 1602 146 1653 tur,
161 1598 209 1642 aut
218 1592 320 1657 agebat
329 1589 448 1654 humile;
470 1590 520 1642 sed
531 1591 613 1643 dictis
627 1591 763 1659 factisque
775 1606 826 1657 par
835 1589 894 1648 lor·

88 1665 172 1710 tunae
183 1673 265 1722 suae,
285 1657 330 1708 rel
344 1658 428 1709 etiam
442 1673 526 1725 supra
539 1666 607 1710 erat.
642 1657 711 1712 Nam
723 1675 807 1726 quum
817 1665 893 1710 esset

89 1726 180 1777 laudis
190 1725 378 1788 avidissimus,
397 1741 452 1777 non
467 1726 650 1795 undecunque
661 1742 722 1778 eam
732 1725 896 1788 affectabat,

90 1794 140 1845 sed
160 1794 271 1860 optimis
292 1793 445 1861 quibusque
460 1797 614 1861 comparari
631 1794 783 1861 gaudebat3
802 1793 893 1860 inglo-

89 1863 159 1914 riam
179 1877 214 1912 ex
231 1861 333 1912 vilibus
348 1862 465 1928 palmam
484 1863 656 1928 intelligens,
676 1867 810 1926 tantoque
830 1861 893 1910 illu-

91 1929 221 1979 striorem
231 1929 385 1991 victoriam,
393 1935 495 1997 quanto
506 1943 576 1994 quos
587 1928 702 1977 vicisset
710 1927 798 1992 pluris
809 1925 892 1980 habe·

90 2002 193 2047 rentur.
231 1995 270 2044 Π.
289 1995 327 2044 Er
348 1994 541 2056 edicentibus,
561 1994 690 2060 quoniam
710 2007 792 2044 cursu
808 1996 893 2063 pluri·

90 2078 164 2114 mum
173 2063 288 2123 valeret,
301 2061 334 2111 de
356 2076 402 2112 ere
413 2061 540 2128 profiteri
550 2075 650 2112 nomen
661 2077 738 2112 suum
748 2062 822 2114 inter
830 2077 892 2124 eos,

91 2133 138 2194 qui
150 2130 302 2197 Olympicis
312 2128 385 2179 ludis
395 2129 528 2180 certaturi
539 2134 641 2190 essent,
653 2131 826 2195 cognominis
838 2129 896 2180 sibi.

89 2199 167 2264 regis
179 2197 305 2264 exemplo
315 2213 322 2258 ;
342 2210 470 2263 magnam
484 2210 518 2246 ea
530 2210 561 2246 re
571 2212 620 2264 per
633 2195 778 2248 Graeciam
789 2197 843 2249 sibi
854 2195 894 2246 la-

90 2279 162 2314 mam
173 2269 408 2330 comparaturum:
427 2260 565 2326 Facerem,
579 2265 679 2332 inquit,
692 2264 717 2315 si
725 2280 801 2333 reges
812 2263 892 2315 dalle·

90 2347 146 2381 rem
166 2329 340 2381 adversarios.
376 2330 416 2380 18.
437 2330 555 2392 Quoties
575 2340 623 2384 aut
638 2332 782 2398 praeclara
799 2332 895 2398 aliqua

89 2413 182 2466 pugna
191 2396 337 2464 Philippus
348 2399 463 2461 vicerat,
482 2405 530 2450 aut
543 2399 673 2466 oppidum
688 2400 848 2466 opulentum
862 2399 892 2448 in

87 2472 256 2531 potestatem
276 2465 433 2532 redegerat,
456 2467 624 2518 laetantibus
642 2467 718 2528 aliis,
737 2466 797 2532 ipse
817 2464 894 2516 baud

89 2534 206 2586 obscure
216 2532 420 2586 indolescebet:
441 2542 613 2602 exceptaque
629 2550 684 2586 vox
695 2540 739 2584 est
748 2533 892 2600 querentis

87 2603 160 2653 inter
179 2600 325 2670 aequales,
348 2601 418 2653 nihil
435 2603 537 2669 reliqui
556 2602 692 2654 iacturum
710 2607 815 2668 patrem
836 2599 891 2652 sibi

87 2669 219 2736 ipsisque,
226 2669 509 2738 quumadolevissent.
522 2668 823 2736 erippedeperiturum
830 2667 894 2735 glo·
