2054 3030
294 172 443 222 Llssltlt
469 171 515 223 lV.
545 171 641 224 CAP.
671 172 695 222 5.
854 169 903 218 153

85 271 158 324 dico
168 273 310 338 praesidio
322 265 438 324 militum
453 273 548 324 tradit.
578 272 618 323 ro.
635 272 773 324 Praefecti
785 272 903 322 Alexan·

1 334 5 346 '
86 341 134 390 dri
150 341 179 391 in
199 341 345 391 obsidione
363 341 439 392 urbis
456 341 680 408 perseverabant,
702 357 756 391 non
771 348 828 390 tam
843 339 902 390 suis

1 421 2 476 f
85 407 209 468 viribus,
222 424 301 475 quam
312 410 448 475 ipsorum,
464 409 511 476 qui
520 407 731 469 obsidebantur,
747 409 902 458 vuluntate.

85 473 153 527 Nec
165 474 270 526 fefellit
284 478 388 542 opinio.
436 476 562 543 Namque
575 478 649 526 inter
665 475 857 544 Apollonidem
873 481 901 525 et

86 544 180 594 duces
190 545 306 594 militum
321 553 384 594 orta
393 545 505 606 seditio,
527 543 699 608 irrumpendi
709 545 737 592 in
747 543 842 593 urbem
854 557 899 593 oc-

86 614 235 662 casionem
254 612 339 662 dedit.
355 616 363 634 ⁹
377 612 417 662 lt.
438 612 594 679 Quumque,
613 618 693 678 porta
712 609 840 672 effracta,
855 625 900 660 eo·

86 677 160 729 hors
171 679 355 730 Macedonum
372 681 519 731 intrasset:
541 678 681 746 oppidani,
701 678 767 727 olim
782 677 901 728 consilio
947 682 949 686 '

85 746 260 812 proditionis
274 749 396 814 agitato,
417 755 573 814 aggregant
588 762 618 796 se
627 743 797 812 Amphotero
809 750 837 794 et
846 744 901 795 Hc-

86 813 227 880 gelocho;
249 815 454 880 Persarumque
468 813 611 880 praesidio
630 828 723 874 caeso,
745 811 901 863 Pharnaba-

86 897 141 932 zus
159 898 221 932 cum
231 881 399 948 Apollonide
415 887 444 931 ct
456 880 635 948 Athenagora
644 881 731 932 vincti
741 881 901 931 traduntur:

87 948 132 999 18.
162 949 312 1000 duodecim
326 950 455 999 triremes
476 965 538 1000 cum
557 965 608 1000 suo
618 977 619 982 =
629 948 717 1000 milite
734 964 767 1000 ac
781 949 903 1014 remigc3

86 1024 206 1084 praeter
216 1031 265 1066 eas
275 1016 392 1081 triginta
402 1031 485 1068 nares
498 1024 526 1067 et
536 1018 648 1083 piratici
664 1017 761 1076 lembi,
782 1016 906 1067 Gracco·

85 1098 209 1150 rumque
226 1083 280 1133 tria
290 1083 378 1134 millia
391 1099 407 1134 a
422 1083 517 1135 Persis
528 1085 657 1136 mercede
670 1085 816 1136 conducta.
849 1083 901 1134 His

85 1155 119 1204 in
133 1151 356 1217 supplementum
369 1153 510 1218 copiarum
521 1169 633 1204 suarum
646 1153 814 1215 distributis,
830 1152 893 1217 pira

86 1221 186 1286 tisque
205 1219 342 1286 supplicio
361 1218 480 1283 allectis,
501 1223 626 1288 captivos
641 1223 761 1288 remiges
772 1221 901 1272 adiecere

89 1287 178 1338 classi
189 1301 266 1337 suae.
297 1286 336 1338 19.
350 1288 434 1340 Forte
443 1290 628 1352 Aristonicus,
639 1289 902 1357 Methymnaeorum

89 1360 241 1422 tyrannus,
263 1370 323 1405 cum
338 1356 464 1422 piraticis
485 1359 613 1418 navibus,
643 1361 757 1425 ignarus
779 1359 901 1409 omnium

91 1437 164 1490 quae
185 1422 220 1472 ad
236 1421 334 1474 Chium
349 1433 412 1475 acta
426 1433 518 1482 erant,
539 1427 628 1492 prima
644 1427 742 1494 vigilia
756 1427 791 1476 ad
803 1435 900 1492 portus

91 1493 217 1543 claustra
244 1493 394 1554 successim
424 1493 670 1560 interrogatusque
691 1510 707 1545 a
726 1494 903 1554 custodibus,

93 1561 154 1626 quis
166 1559 258 1610 essetl
276 1559 466 1611 Aristonicum
477 1562 512 1612 ad
524 1559 734 1612 Pharnabazum
745 1563 849 1624 venire,
859 1574 902 1610 re·

92 1627 216 1693 spondit.
256 1629 298 1677 10.
318 1627 376 1688 llli,
396 1627 606 1680 Pharnabazum
625 1629 736 1695 quidem
750 1631 805 1680 iam
825 1628 902 1695 quie-

1 1701 2 1728 ἓ
92 1709 182 1757 scere,
205 1701 234 1746 et
249 1710 305 1745 non
316 1709 399 1761 posse
410 1702 468 1746 tum
480 1696 564 1759 adiri3
582 1702 705 1746 ceterum
716 1705 811 1761 patere
822 1695 901 1746 socio

1 1809 2 1818 ,
93 1771 176 1830 atque
188 1761 294 1828 hospiti
307 1769 429 1828 portum,
450 1773 478 1812 et
488 1769 602 1829 postero
613 1763 658 1812 die
670 1761 846 1813 Pharnabazi
857 1775 903 1811 co·

92 1832 167 1897 piam
176 1829 252 1892 fore,
264 1831 409 1880 affirmant.
447 1827 507 1880 Nec
518 1828 655 1880 dubitavit
665 1829 838 1880 Aristonicus
849 1829 903 1892 pri-

1 1949 2 1958 ,
93 1915 154 1949 mus
166 1899 286 1949 intrare:
299 1898 388 1948 secuti
401 1902 465 1948 sunt
476 1898 574 1948 ducem
585 1897 695 1964 piratici
706 1897 805 1947 lembi:
816 1898 857 1946 21.
872 1911 903 1944 ac

1 1967 2 2016 i
93 1968 158 2019 dum
174 1966 315 2032 applicant
328 1965 440 2032 navigia
460 1965 594 2033 crepidini
610 1973 716 2032 portus,
738 1965 870 2015 obiicitur
887 1978 903 2012 a

93 2033 226 2102 vigilibus
238 2034 402 2095 claustrum,
423 2035 511 2101 etqui
526 2034 646 2100 proximi
658 2033 833 2085 excubabant
838 2061 848 2092 ‚-
868 2031 903 2080 ab

93 2102 194 2152 iisdem
213 2104 381 2152 excitantur:
400 2101 532 2168 nulloque
551 2116 585 2152 ex
599 2100 643 2152 his
657 2117 725 2152 auso
737 2113 902 2166 repugnare,

95 2170 222 2221 omnibus
240 2175 356 2221 catenae
371 2170 493 2220 iniectae
509 2177 581 2221 sunt.
617 2168 787 2236 Amphotero
802 2167 904 2218 deinde

1 2243 2 2248 ’
93 2235 317 2304 Hegelochoque
346 2237 502 2288 traduntur.
549 2240 591 2288 22.
630 2238 704 2288 Hinc
732 2235 902 2286 Macedones

1 2321 2 2350 1
93 2306 232 2357 transiere
246 2305 422 2371 Mitylenem,
442 2319 522 2372 quam
541 2303 646 2356 Chares
659 2301 839 2355 Atheniensis
855 2319 903 2354 nu-

1 2368 2 2415 l
93 2387 145 2442 per
157 2379 328 2440 occupatam,
346 2372 464 2423 duorum
474 2371 591 2422 millium
602 2373 749 2423 Persarum
760 2371 901 2438 praesidio

93 2440 218 2493 tenebat:
239 2441 290 2492 sed
304 2456 386 2508 quum
401 2439 577 2491 obsidionem
593 2439 716 2490 tolerare
730 2455 785 2491 nou
797 2446 903 2508 posset,

1 2571 2 2576 Ἰ
93 2509 163 2561 urbe
172 2509 283 2569 tradita,
293 2514 393 2574 pactus
404 2506 576 2558 utincolumi
584 2508 661 2558 abire
670 2506 904 2572 liceret‚ln1brum

93 2576 173 2646 petit.
211 2576 323 2628 Deditis
333 2575 504 2626 Macedones
515 2583 708 2643 pepercerunt.

143 2643 191 2696 Vl.
210 2644 324 2705 Darius,
341 2645 490 2710 desperata
503 2657 581 2709 pace,
602 2659 681 2710 quarn
695 2658 745 2711 per
755 2644 852 2694 literas
862 2641 901 2690 le·

93 2720 232 2782 gatosque
247 2712 390 2779 impetrari
405 2725 488 2779 posse
500 2710 667 2775 crediderat,
686 2712 722 2763 ad
735 2708 904 2778 reparandas
