2036 3030
572 42 593 159 r

220 193 575 270 supernumerari·
589 168 681 381 han·
702 220 785 272 car.
804 221 829 271 4.
899 219 931 271 a:

124 319 254 388 exemplo
270 318 396 371 facturos
410 318 520 382 Persas.
536 315 581 388 rl'0
640 321 689 372 lim
704 320 819 372 Darium
836 335 932 390 regem

123 391 202 457 ipsas
211 387 276 439 illas
288 387 419 454 regiones
432 387 571 455 urbesqrhl
579 387 604 420 ¹¹¹
648 390 753 452 avisse,
767 405 802 440 ne
817 388 931 458 Scythis

123 455 218 510 isthac
231 455 390 506 transituris
404 462 534 523 receptus
550 457 585 506 e's*
615 467 634 505 t.
671 457 713 506 20.
731 459 767 509 At
781 458 803 508 si
819 457 930 524 proelio

125 525 341 586 contenderent,
356 523 390 573 de
405 539 511 574 summa
524 539 617 574 rerum
634 522 723 573 aleam
737 525 801 574 iaci.
837 524 931 576 Pulsis

125 591 215 644 semel
224 592 334 654 Persis,
352 605 460 642 omnem
471 605 532 642 eam
548 605 625 643 oram
638 589 788 642 Alexandri
797 591 871 642 fore:
891 594 931 642 ri·

123 668 217 712 ctores
233 657 304 715 nihil
318 658 436 724 amplius
452 657 605 709 habituros.
642 659 685 707 214
704 657 801 723 Neque
815 657 929 710 hercule

121 743 239 795 parrum
259 727 409 778 discrimen
433 725 594 792 impendere
617 725 726 776 obvim
745 725 930 776 Macedoniae

121 794 284 862 phalangis,
301 794 347 844 cui
364 809 444 843 suum
454 793 622 858 peditatum,
638 807 802 859 quamquam
815 805 930 846 numero

121 863 312 929 superiorem,
340 859 446 910 frustra
465 861 620 926 opposituri
641 865 745 910 essent.
781 861 822 908 22.
841 860 931 926 lpsius

122 929 226 981 deinde
241 930 318 996 regis
333 929 520 996 praesentiam
537 926 609 978 haud
624 942 721 994 parum
734 925 829 976 valere
845 925 878 976 ad
892 927 931 977 ri·

121 998 257 1059 storiam:
268 993 406 1046 stimulari
415 995 520 1045 milites
531 1010 589 1062 spe,
599 995 715 1062 pudore,
726 993 818 1062 gloria
827 993 856 1042 in
867 1008 931 1043 con·
949 1017 952 1022 ·

121 1071 224 1131 spectu
233 1062 411 1128 imperatoris
422 1062 598 1115 dimicantes:
610 1077 681 1129 quae
693 1062 787 1118 omnia
797 1059 932 1111 haberent

121 1131 311 1194 Macedones:
320 1130 389 1196 ipsis
400 1130 498 1182 abesse
506 1130 630 1182 Darium.
666 1131 708 1181 23.
720 1129 866 1180 Neminem
876 1144 932 1178 am·

121 1201 234 1266 bigere,
246 1197 311 1264 quin
321 1197 424 1248 bellum
441 1199 470 1248 in
485 1198 578 1250 aliena
590 1204 669 1250 terra·
679 1213 779 1266 gerere
795 1201 930 1264 praestet,

122 1267 246 1335 quamin
256 1281 319 1316 sua:
333 1265 363 1317 id
377 1266 552 1318 commodum
567 1267 730 1332 adepturos,
745 1267 769 1317 si
781 1264 931 1317 consilium
975 1261 978 1268 '

121 1350 206 1386 suum
226 1334 317 1384 secuti
336 1333 370 1384 de
394 1334 552 1385 invadenda
570 1335 739 1386 Macedonia
760 1335 929 1402 cogitarent.

120 1404 167 1454 24.
187 1400 264 1453 Nulli
278 1406 434 1453 ceterorum
450 1403 550 1452 ducum
570 1408 650 1470 grata
667 1402 759 1452 oratio
778 1399 841 1452 fuit.
878 1399 931 1462 „ld

120 1471 247 1522 fortasse
262 1469 405 1520 Memnoni
418 1468 528 1520 Rhodio
545 1469 658 1536 probari
671 1481 769 1535 posse,
786 1470 831 1520 cui
847 1482 930 1534 expe·

122 1540 185 1590 diat
192 1536 299 1588 bellum*
310 1535 398 1598 trahi,
417 1551 471 1604 quo
483 1537 588 1589 diutius
602 1536 755 1588 honoribus
771 1537 931 1603 stipendiis·

121 1620 179 1674 que
188 1605 276 1672 regiis
287 1603 490 1671 perfrueretur3
501 1604 596 1656 Persis
610 1605 775 1656 commissos
785 1605 852 1655 lidei
862 1617 930 1654 suae

120 1671 374 1752 populosprodere
381 1671 741 1738 pudendumviderizneque
752 1673 825 1738 apud
834 1683 932 1736 regem

122 1752 257 1796 excusari
267 1753 366 1805 posse,
384 1739 431 1806 qul
444 1739 528 1806 longe
544 1739 627 1789 aliam
639 1738 708 1789 belli
719 1739 836 1804 gerendi
845 1739 931 1787 ratio·
945 1761 950 1771 ·
1008 1797 1009 1806 ἵ

121 1824 188 1861 nem
204 1803 464 1874 praescripsisset.'“
499 1805 541 1856 25.
562 1806 670 1871 Quippe
688 1804 805 1865 Darius,
825 1803 932 1864 audito,

121 1875 312 1930 Alexandrum
326 1887 361 1926 ex
375 1872 544 1924 Macedonia
557 1873 688 1933 movisse,
699 1873 796 1922 literas
809 1870 844 1922 ad
853 1884 933 1936 prae-

122 1945 217 1996 fectos
228 1958 295 1994 suos
305 1943 434 2004 miserat,
455 1941 608 2008 imperans,
627 1947 659 1991 ut
671 1939 857 1990 insanientem
867 1932 931 1987 Phi-

122 2012 195 2078 lippi
204 2009 457 2071 adolescentulum,
472 2008 574 2075 puerili
585 2008 701 2060 verbere
715 2006 817 2058 aetatis
829 2011 858 2056 et
868 2020 922 2056 con

124 2080 241 2132 ditionis
253 2078 437 2138 admonitum,
456 2077 557 2129 deinde
568 2091 706 2144 purpurea
717 2080 795 2126 veste
805 2073 932 2124 indutum

125 2147 327 2216 quamprimum
342 2146 397 2197 sibi
409 2146 530 2196 vinctum
547 2145 730 2196 adducerent:
745 2154 830 2193 naves
843 2141 931 2206 ipsius

122 2229 253 2266 unacum
263 2214 356 2264 nautis
366 2215 437 2264 mari
448 2213 657 2281 demergerent:
674 2208 778 2262 milites
789 2223 885 2260 omnes
897 2208 933 2257 ad

124 2282 224 2334 ultime
233 2281 319 2331 maris
329 2279 480 2347 Erythraei
491 2281 555 2332 loca
566 2281 756 2346 deportarent.
791 2274 833 2326 26.
852 2276 930 2328 Adeo

125 2364 192 2417 prae
204 2347 337 2414 superbia
345 2347 434 2399 futuri
444 2363 572 2410 securus,
590 2355 618 2399 et
633 2349 748 2414 ignaros
759 2347 843 2396 sortis
854 2357 932 2404 suae,

126 2431 236 2468 omnem
247 2414 383 2466 humanae
393 2415 597 2468 imbecillitatis
608 2429 721 2466 sensum
731 2419 856 2475 exuerat,
867 2427 932 2463 con-

125 2484 310 2551 sanguineum
328 2483 410 2534 deum
425 2498 456 2534 se
473 2483 581 2545 ferens,
607 2481 698 2550 magis
716 2481 790 2548 quod
826 2479 934 2530 atentia

126 2565 182 2600 non
193 2549 288 2618 dispar
297 2551 366 2618 ipsis
375 2549 615 2617 videretur,quam
626 2550 661 2601 ob
669 2555 792 2612 veterem
801 2497 933 2604 hibulam,

126 2632 183 2684 qua
192 2618 342 2671 Persarum
351 2632 435 2684 reges
447 2618 655 2669 aPerseolovis
667 2616 725 2668 tilio
737 2629 839 2666 nomen
851 2617 934 2677 atque

126 2697 216 2752 genos
225 2683 348 2738 traxisse
358 2683 530 2737 ferebantur.
560 2686 602 2736 21.
620 2685 727 2737 Eodem
738 2682 814 2734 fastu
823 2678 935 2744 plenam

127 2754 277 2822 epistolam
289 2751 514 2806 addtheniensss
524 2753 619 2820 paullo
631 2761 695 2805 ante
707 2749 794 2803 scribi
803 2749 935 2802 iusserat,

862 2917 1009 3010 'l
