<?xml version="1.0" encoding="UTF-8"?>
<!DOCTYPE html PUBLIC "-//W3C//DTD XHTML 1.0 Transitional//EN"
    "http://www.w3.org/TR/xhtml1/DTD/xhtml1-transitional.dtd">
<html xmlns="http://www.w3.org/1999/xhtml" xml:lang="en" lang="en">
 <head>
  <title>
</title>
<meta http-equiv="Content-Type" content="text/html;charset=utf-8" />
  <meta name='ocr-system' content='tesseract 3.04.00' />
  <meta name='ocr-capabilities' content='ocr_page ocr_carea ocr_par ocr_line ocrx_word'/>
</head>
<body>
  <div class='ocr_page' id='page_1' title='image "./qcurtiirufidere00johagoog_0124.png"; bbox 0 0 2054 3030; ppageno 0'>
   <div class='ocr_carea' id='block_1_1' title="bbox 137 76 720 218">
    <p class='ocr_par' dir='ltr' id='par_1_1' title="bbox 137 76 720 218">
     <span class='ocr_line' id='line_1_1' title="bbox 137 76 148 106; baseline 0 0"><span class='ocrx_word' id='word_1_1' title='bbox 137 76 148 106; x_wconf 79' lang='grc' dir='ltr'><strong><em>ο</em></strong></span> 
     </span>
     <span class='ocr_line' id='line_1_2' title="bbox 143 153 720 218; baseline -0.017 -6"><span class='ocrx_word' id='word_1_2' title='bbox 143 162 189 214; x_wconf 82' lang='lat' dir='ltr'><strong>tta</strong></span> <span class='ocrx_word' id='word_1_3' title='bbox 357 153 529 218; x_wconf 74' lang='lat' dir='ltr'>QUINTI</span> <span class='ocrx_word' id='word_1_4' title='bbox 557 154 720 206; x_wconf 84' lang='lat' dir='ltr'><strong>CUR&#39;l&#39;ll</strong></span> 
     </span>
    </p>
   </div>
   <div class='ocr_carea' id='block_1_2' title="bbox 135 253 953 2008">
    <p class='ocr_par' dir='ltr' id='par_1_2' title="bbox 135 253 953 2008">
     <span class='ocr_line' id='line_1_3' title="bbox 141 253 953 324; baseline -0.002 -12"><span class='ocrx_word' id='word_1_5' title='bbox 141 273 241 314; x_wconf 83' lang='lat' dir='ltr'><strong>aureos</strong></span> <span class='ocrx_word' id='word_1_6' title='bbox 261 263 388 324; x_wconf 83' lang='lat' dir='ltr'><strong>torques,</strong></span> <span class='ocrx_word' id='word_1_7' title='bbox 409 256 452 308; x_wconf 91' lang='lat' dir='ltr'><strong>illi</strong></span> <span class='ocrx_word' id='word_1_8' title='bbox 465 262 572 310; x_wconf 83' lang='lat' dir='ltr'><strong>vestem</strong></span> <span class='ocrx_word' id='word_1_9' title='bbox 592 269 659 305; x_wconf 88' lang='lat' dir='ltr'><strong>auro</strong></span> <span class='ocrx_word' id='word_1_10' title='bbox 680 254 840 306; x_wconf 81' lang='lat' dir='ltr'>distinctam</span> <span class='ocrx_word' id='word_1_11' title='bbox 860 253 953 310; x_wconf 86' lang='lat' dir='ltr'><strong>babe-</strong></span> 
     </span>
     <span class='ocr_line' id='line_1_4' title="bbox 139 322 952 392; baseline -0.001 -14"><span class='ocrx_word' id='word_1_12' title='bbox 139 328 215 388; x_wconf 88' lang='lat' dir='ltr'><strong>baut,</strong></span> <span class='ocrx_word' id='word_1_13' title='bbox 226 326 432 392; x_wconf 71' lang='lat' dir='ltr'><strong>manicatasque</strong></span> <span class='ocrx_word' id='word_1_14' title='bbox 443 324 560 384; x_wconf 89' lang='lat' dir='ltr'><strong>tunicas,</strong></span> <span class='ocrx_word' id='word_1_15' title='bbox 566 324 682 389; x_wconf 87' lang='lat' dir='ltr'><strong>gemmis</strong></span> <span class='ocrx_word' id='word_1_16' title='bbox 689 323 772 372; x_wconf 87' lang='lat' dir='ltr'><strong>etiam</strong></span> <span class='ocrx_word' id='word_1_17' title='bbox 781 322 952 377; x_wconf 87' lang='lat' dir='ltr'><strong>adornatas.</strong></span> 
     </span>
     <span class='ocr_line' id='line_1_5' title="bbox 141 389 951 459; baseline -0.001 -15"><span class='ocrx_word' id='word_1_18' title='bbox 141 395 180 444; x_wconf 85' lang='lat'><strong>14.</strong></span> <span class='ocrx_word' id='word_1_19' title='bbox 192 391 466 459; x_wconf 81' lang='lat' dir='ltr'><strong>Exiguointerrallo‚</strong></span> <span class='ocrx_word' id='word_1_20' title='bbox 477 405 547 457; x_wconf 87' lang='lat' dir='ltr'><strong>quos</strong></span> <span class='ocrx_word' id='word_1_21' title='bbox 559 395 694 456; x_wconf 86' lang='lat' dir='ltr'><strong>cognatos</strong></span> <span class='ocrx_word' id='word_1_22' title='bbox 705 389 781 457; x_wconf 85' lang='lat' dir='ltr'><strong>regis</strong></span> <span class='ocrx_word' id='word_1_23' title='bbox 790 391 951 456; x_wconf 91' lang='lat' dir='ltr'><strong>appellant,</strong></span> 
     </span>
     <span class='ocr_line' id='line_1_6' title="bbox 140 455 953 527; baseline -0.002 -15"><span class='ocrx_word' id='word_1_24' title='bbox 140 461 237 512; x_wconf 90' lang='lat' dir='ltr'><strong>decem</strong></span> <span class='ocrx_word' id='word_1_25' title='bbox 249 466 277 509; x_wconf 92' lang='lat' dir='ltr'><strong>et</strong></span> <span class='ocrx_word' id='word_1_26' title='bbox 287 460 407 527; x_wconf 89' lang='lat' dir='ltr'><strong>quinque</strong></span> <span class='ocrx_word' id='word_1_27' title='bbox 418 458 506 508; x_wconf 91' lang='lat' dir='ltr'><strong>millia</strong></span> <span class='ocrx_word' id='word_1_28' title='bbox 515 455 664 508; x_wconf 89' lang='lat' dir='ltr'><strong>homiuum.</strong></span> <span class='ocrx_word' id='word_1_29' title='bbox 693 456 772 506; x_wconf 88' lang='lat' dir='ltr'><strong>Haec</strong></span> <span class='ocrx_word' id='word_1_30' title='bbox 783 471 849 507; x_wconf 83' lang='lat' dir='ltr'><strong>vero</strong></span> <span class='ocrx_word' id='word_1_31' title='bbox 862 460 953 511; x_wconf 84' lang='lat' dir='ltr'><strong>turba</strong></span> 
     </span>
     <span class='ocr_line' id='line_1_7' title="bbox 138 523 952 594; baseline -0.004 -14"><span class='ocrx_word' id='word_1_32' title='bbox 138 525 311 580; x_wconf 81' lang='lat' dir='ltr'><strong>muliebriter</strong></span> <span class='ocrx_word' id='word_1_33' title='bbox 320 525 519 594; x_wconf 81' lang='lat' dir='ltr'>propemodum</span> <span class='ocrx_word' id='word_1_34' title='bbox 530 525 613 585; x_wconf 89' lang='lat' dir='ltr'><strong>culta,</strong></span> <span class='ocrx_word' id='word_1_35' title='bbox 629 523 696 574; x_wconf 83' lang='lat' dir='ltr'><strong>luxu</strong></span> <span class='ocrx_word' id='word_1_36' title='bbox 706 525 794 590; x_wconf 85' lang='lat' dir='ltr'><strong>magis</strong></span> <span class='ocrx_word' id='word_1_37' title='bbox 805 538 888 590; x_wconf 88' lang='lat' dir='ltr'><strong>quam</strong></span> <span class='ocrx_word' id='word_1_38' title='bbox 899 526 952 577; x_wconf 84' lang='lat' dir='ltr'><strong>de-</strong></span> 
     </span>
     <span class='ocr_line' id='line_1_8' title="bbox 139 587 951 660; baseline -0.002 -14"><span class='ocrx_word' id='word_1_39' title='bbox 139 595 213 646; x_wconf 88' lang='lat' dir='ltr'><strong>coris</strong></span> <span class='ocrx_word' id='word_1_40' title='bbox 224 595 308 646; x_wconf 91' lang='lat' dir='ltr'><strong>armis</strong></span> <span class='ocrx_word' id='word_1_41' title='bbox 319 595 470 660; x_wconf 90' lang='lat' dir='ltr'><strong>conspicua</strong></span> <span class='ocrx_word' id='word_1_42' title='bbox 481 598 548 644; x_wconf 89' lang='lat' dir='ltr'><strong>erat.</strong></span> <span class='ocrx_word' id='word_1_43' title='bbox 580 591 621 641; x_wconf 82' lang='grc'><strong>15.</strong></span> <span class='ocrx_word' id='word_1_44' title='bbox 633 587 795 656; x_wconf 84' lang='lat' dir='ltr'><strong>Doryphori</strong></span> <span class='ocrx_word' id='word_1_45' title='bbox 806 591 951 644; x_wconf 86' lang='lat' dir='ltr'><strong>vocaban-</strong></span> 
     </span>
     <span class='ocr_line' id='line_1_9' title="bbox 137 658 950 728; baseline -0.007 -11"><span class='ocrx_word' id='word_1_46' title='bbox 137 669 183 717; x_wconf 84' lang='lat' dir='ltr'><strong>tur</strong></span> <span class='ocrx_word' id='word_1_47' title='bbox 193 663 347 728; x_wconf 84' lang='lat' dir='ltr'><strong>proximum</strong></span> <span class='ocrx_word' id='word_1_48' title='bbox 358 660 402 713; x_wconf 89' lang='lat' dir='ltr'><strong>his</strong></span> <span class='ocrx_word' id='word_1_49' title='bbox 417 675 530 726; x_wconf 81' lang='lat' dir='ltr'>agmen,</span> <span class='ocrx_word' id='word_1_50' title='bbox 550 659 629 710; x_wconf 90' lang='lat' dir='ltr'><strong>soliti</strong></span> <span class='ocrx_word' id='word_1_51' title='bbox 639 665 746 708; x_wconf 85' lang='lat' dir='ltr'><strong>vastem</strong></span> <span class='ocrx_word' id='word_1_52' title='bbox 760 658 891 725; x_wconf 80' lang='lat' dir='ltr'>excipere</span> <span class='ocrx_word' id='word_1_53' title='bbox 903 675 950 711; x_wconf 87' lang='lat' dir='ltr'><strong>re-</strong></span> 
     </span>
     <span class='ocr_line' id='line_1_10' title="bbox 138 725 949 798; baseline -0.002 -18"><span class='ocrx_word' id='word_1_54' title='bbox 138 730 238 798; x_wconf 87' lang='lat' dir='ltr'><strong>galem.</strong></span> <span class='ocrx_word' id='word_1_55' title='bbox 260 729 298 780; x_wconf 89' lang='lat' dir='ltr'><strong>lli</strong></span> <span class='ocrx_word' id='word_1_56' title='bbox 310 744 418 781; x_wconf 89' lang='lat' dir='ltr'><strong>currum</strong></span> <span class='ocrx_word' id='word_1_57' title='bbox 428 729 505 796; x_wconf 87' lang='lat' dir='ltr'><strong>rogis</strong></span> <span class='ocrx_word' id='word_1_58' title='bbox 516 726 666 786; x_wconf 76' lang='lat' dir='ltr'><strong>anteibant,</strong></span> <span class='ocrx_word' id='word_1_59' title='bbox 679 740 733 792; x_wconf 87' lang='lat' dir='ltr'><strong>quo</strong></span> <span class='ocrx_word' id='word_1_60' title='bbox 746 725 806 792; x_wconf 86' lang='lat' dir='ltr'><strong>ipse</strong></span> <span class='ocrx_word' id='word_1_61' title='bbox 818 727 949 778; x_wconf 89' lang='lat' dir='ltr'><strong>eminens</strong></span> 
     </span>
     <span class='ocr_line' id='line_1_11' title="bbox 136 792 949 863; baseline -0.006 -13"><span class='ocrx_word' id='word_1_62' title='bbox 136 797 299 850; x_wconf 73' lang='lat' dir='ltr'><strong>vehebatur.</strong></span> <span class='ocrx_word' id='word_1_63' title='bbox 328 795 368 848; x_wconf 79' lang='lat' dir='ltr'><strong>ld.</strong></span> <span class='ocrx_word' id='word_1_64' title='bbox 378 797 530 863; x_wconf 87' lang='lat' dir='ltr'><strong>Utrumque</strong></span> <span class='ocrx_word' id='word_1_65' title='bbox 541 810 638 845; x_wconf 86' lang='lat' dir='ltr'><strong>currus</strong></span> <span class='ocrx_word' id='word_1_66' title='bbox 648 792 722 842; x_wconf 89' lang='lat' dir='ltr'><strong>latus</strong></span> <span class='ocrx_word' id='word_1_67' title='bbox 733 792 849 843; x_wconf 90' lang='lat' dir='ltr'><strong>deorum</strong></span> <span class='ocrx_word' id='word_1_68' title='bbox 860 794 949 845; x_wconf 86' lang='lat' dir='ltr'><strong>simu-</strong></span> 
     </span>
     <span class='ocr_line' id='line_1_12' title="bbox 136 859 950 931; baseline -0.005 -15"><span class='ocrx_word' id='word_1_69' title='bbox 136 865 214 917; x_wconf 87' lang='lat' dir='ltr'><strong>lacra</strong></span> <span class='ocrx_word' id='word_1_70' title='bbox 223 880 259 917; x_wconf 86' lang='lat' dir='ltr'><strong>ex</strong></span> <span class='ocrx_word' id='word_1_71' title='bbox 271 879 339 916; x_wconf 90' lang='lat' dir='ltr'><strong>auro</strong></span> <span class='ocrx_word' id='word_1_72' title='bbox 354 869 527 931; x_wconf 78' lang='lat' dir='ltr'><strong>argentoque</strong></span> <span class='ocrx_word' id='word_1_73' title='bbox 541 875 674 928; x_wconf 83' lang='lat' dir='ltr'><strong>expressa</strong></span> <span class='ocrx_word' id='word_1_74' title='bbox 689 859 869 911; x_wconf 87' lang='lat' dir='ltr'><strong>decorabant:</strong></span> <span class='ocrx_word' id='word_1_75' title='bbox 887 861 950 912; x_wconf 88' lang='lat' dir='ltr'><strong>dis·</strong></span> 
     </span>
     <span class='ocr_line' id='line_1_13' title="bbox 136 928 947 1000; baseline -0.01 -15"><span class='ocrx_word' id='word_1_76' title='bbox 136 932 303 1000; x_wconf 89' lang='lat' dir='ltr'><strong>tinguebant</strong></span> <span class='ocrx_word' id='word_1_77' title='bbox 326 931 522 982; x_wconf 75' lang='lat' dir='ltr'><strong>internitentes</strong></span> <span class='ocrx_word' id='word_1_78' title='bbox 547 942 672 996; x_wconf 89' lang='lat' dir='ltr'><strong>gemmae</strong></span> <span class='ocrx_word' id='word_1_79' title='bbox 690 928 799 994; x_wconf 80' lang='lat' dir='ltr'><strong>iugum3</strong></span> <span class='ocrx_word' id='word_1_80' title='bbox 831 942 867 980; x_wconf 87' lang='lat' dir='ltr'><strong>ex</strong></span> <span class='ocrx_word' id='word_1_81' title='bbox 886 943 947 996; x_wconf 85' lang='lat' dir='ltr'><strong>quo</strong></span> 
     </span>
     <span class='ocr_line' id='line_1_14' title="bbox 137 994 948 1062; baseline -0.006 -10"><span class='ocrx_word' id='word_1_82' title='bbox 137 1000 297 1052; x_wconf 81' lang='lat' dir='ltr'><strong>eminebant</strong></span> <span class='ocrx_word' id='word_1_83' title='bbox 314 999 370 1048; x_wconf 92' lang='lat' dir='ltr'><strong>duo</strong></span> <span class='ocrx_word' id='word_1_84' title='bbox 389 1011 475 1047; x_wconf 87' lang='lat' dir='ltr'><strong>aurea</strong></span> <span class='ocrx_word' id='word_1_85' title='bbox 493 996 642 1054; x_wconf 84' lang='lat' dir='ltr'><strong>simulacra</strong></span> <span class='ocrx_word' id='word_1_86' title='bbox 661 994 802 1057; x_wconf 87' lang='lat' dir='ltr'><strong>cubitalia,</strong></span> <span class='ocrx_word' id='word_1_87' title='bbox 823 1010 948 1062; x_wconf 88' lang='lat' dir='ltr'><strong>quorum</strong></span> 
     </span>
     <span class='ocr_line' id='line_1_15' title="bbox 137 1062 948 1130; baseline -0.005 -11"><span class='ocrx_word' id='word_1_88' title='bbox 137 1069 255 1119; x_wconf 86' lang='lat' dir='ltr'><strong>alterum</strong></span> <span class='ocrx_word' id='word_1_89' title='bbox 269 1063 343 1125; x_wconf 90' lang='lat' dir='ltr'><strong>Nini,</strong></span> <span class='ocrx_word' id='word_1_90' title='bbox 360 1064 477 1114; x_wconf 89' lang='lat' dir='ltr'><strong>alterum</strong></span> <span class='ocrx_word' id='word_1_91' title='bbox 491 1063 554 1113; x_wconf 92' lang='lat' dir='ltr'><strong>Beli</strong></span> <span class='ocrx_word' id='word_1_92' title='bbox 574 1062 690 1130; x_wconf 84' lang='lat' dir='ltr'><strong>gerebat</strong></span> <span class='ocrx_word' id='word_1_93' title='bbox 708 1063 837 1129; x_wconf 84' lang='lat' dir='ltr'><strong>effigiem.</strong></span> <span class='ocrx_word' id='word_1_94' title='bbox 865 1062 948 1115; x_wconf 88' lang='lat' dir='ltr'><strong>lnter</strong></span> 
     </span>
     <span class='ocr_line' id='line_1_16' title="bbox 137 1129 945 1197; baseline -0.004 -12"><span class='ocrx_word' id='word_1_95' title='bbox 137 1133 207 1185; x_wconf 91' lang='lat' dir='ltr'><strong>haec</strong></span> <span class='ocrx_word' id='word_1_96' title='bbox 226 1144 338 1182; x_wconf 86' lang='lat' dir='ltr'><strong>auream</strong></span> <span class='ocrx_word' id='word_1_97' title='bbox 358 1130 494 1197; x_wconf 89' lang='lat' dir='ltr'><strong>aquilam,</strong></span> <span class='ocrx_word' id='word_1_98' title='bbox 513 1131 611 1195; x_wconf 84' lang='lat' dir='ltr'><strong>pinnas</strong></span> <span class='ocrx_word' id='word_1_99' title='bbox 632 1129 794 1180; x_wconf 83' lang='lat' dir='ltr'><strong>extendenti</strong></span> <span class='ocrx_word' id='word_1_100' title='bbox 810 1129 945 1194; x_wconf 89' lang='lat' dir='ltr'><strong>similem,</strong></span> 
     </span>
     <span class='ocr_line' id='line_1_17' title="bbox 137 1197 947 1263; baseline -0.001 -11"><span class='ocrx_word' id='word_1_101' title='bbox 137 1204 324 1252; x_wconf 75' lang='lat' dir='ltr'><strong>sacraverant.</strong></span> <span class='ocrx_word' id='word_1_102' title='bbox 363 1199 402 1247; x_wconf 80' lang='lat' dir='ltr'><strong>lt.</strong></span> <span class='ocrx_word' id='word_1_103' title='bbox 424 1197 521 1248; x_wconf 81' lang='lat' dir='ltr'><strong>Cultus</strong></span> <span class='ocrx_word' id='word_1_104' title='bbox 540 1199 617 1263; x_wconf 86' lang='lat' dir='ltr'><strong>regis</strong></span> <span class='ocrx_word' id='word_1_105' title='bbox 633 1197 708 1247; x_wconf 89' lang='lat' dir='ltr'><strong>inter</strong></span> <span class='ocrx_word' id='word_1_106' title='bbox 722 1197 814 1247; x_wconf 90' lang='lat' dir='ltr'><strong>omnia</strong></span> <span class='ocrx_word' id='word_1_107' title='bbox 829 1197 947 1250; x_wconf 80' lang='lat' dir='ltr'><strong>luxuria</strong></span> 
     </span>
     <span class='ocr_line' id='line_1_18' title="bbox 136 1264 946 1331; baseline -0.001 -13"><span class='ocrx_word' id='word_1_108' title='bbox 136 1265 294 1318; x_wconf 82' lang='lat' dir='ltr'><strong>notabatur.</strong></span> <span class='ocrx_word' id='word_1_109' title='bbox 330 1265 492 1331; x_wconf 86' lang='lat' dir='ltr'><strong>Purpureae</strong></span> <span class='ocrx_word' id='word_1_110' title='bbox 516 1264 627 1315; x_wconf 87' lang='lat' dir='ltr'><strong>tunicae</strong></span> <span class='ocrx_word' id='word_1_111' title='bbox 645 1264 768 1318; x_wconf 90' lang='lat' dir='ltr'><strong>medium</strong></span> <span class='ocrx_word' id='word_1_112' title='bbox 787 1264 882 1315; x_wconf 90' lang='lat' dir='ltr'><strong>album</strong></span> <span class='ocrx_word' id='word_1_113' title='bbox 900 1268 946 1317; x_wconf 92' lang='lat' dir='ltr'><strong>in-</strong></span> 
     </span>
     <span class='ocr_line' id='line_1_19' title="bbox 136 1331 947 1398; baseline 0 -14"><span class='ocrx_word' id='word_1_114' title='bbox 136 1338 242 1384; x_wconf 85' lang='lat' dir='ltr'><strong>textum</strong></span> <span class='ocrx_word' id='word_1_115' title='bbox 254 1338 327 1384; x_wconf 77' lang='lat' dir='ltr'><strong>erat:</strong></span> <span class='ocrx_word' id='word_1_116' title='bbox 357 1331 396 1382; x_wconf 87' lang='grc'><strong>18.</strong></span> <span class='ocrx_word' id='word_1_117' title='bbox 418 1332 519 1398; x_wconf 90' lang='lat' dir='ltr'><strong>pallam</strong></span> <span class='ocrx_word' id='word_1_118' title='bbox 530 1346 598 1382; x_wconf 90' lang='lat' dir='ltr'><strong>auro</strong></span> <span class='ocrx_word' id='word_1_119' title='bbox 610 1331 769 1382; x_wconf 85' lang='lat' dir='ltr'><strong>distinctam</strong></span> <span class='ocrx_word' id='word_1_120' title='bbox 779 1332 857 1382; x_wconf 90' lang='lat' dir='ltr'><strong>aurei</strong></span> <span class='ocrx_word' id='word_1_121' title='bbox 868 1335 947 1384; x_wconf 88' lang='lat' dir='ltr'><strong>acci-</strong></span> 
     </span>
     <span class='ocr_line' id='line_1_20' title="bbox 135 1398 946 1468; baseline 0.005 -20"><span class='ocrx_word' id='word_1_122' title='bbox 135 1402 232 1468; x_wconf 84' lang='lat' dir='ltr'><strong>pitres,</strong></span> <span class='ocrx_word' id='word_1_123' title='bbox 243 1399 320 1451; x_wconf 85' lang='lat' dir='ltr'><strong>velut</strong></span> <span class='ocrx_word' id='word_1_124' title='bbox 328 1400 429 1452; x_wconf 87' lang='lat' dir='ltr'><strong>rostris</strong></span> <span class='ocrx_word' id='word_1_125' title='bbox 439 1402 513 1450; x_wconf 90' lang='lat' dir='ltr'><strong>inter</strong></span> <span class='ocrx_word' id='word_1_126' title='bbox 523 1415 554 1452; x_wconf 90' lang='lat' dir='ltr'><strong>se</strong></span> <span class='ocrx_word' id='word_1_127' title='bbox 564 1406 739 1460; x_wconf 87' lang='lat' dir='ltr'><strong>corruerent,</strong></span> <span class='ocrx_word' id='word_1_128' title='bbox 755 1398 946 1466; x_wconf 83' lang='lat' dir='ltr'><strong>adornabant3</strong></span> 
     </span>
     <span class='ocr_line' id='line_1_21' title="bbox 137 1467 947 1520; baseline 0 -2"><span class='ocrx_word' id='word_1_129' title='bbox 137 1475 165 1520; x_wconf 90' lang='lat' dir='ltr'><strong>et</strong></span> <span class='ocrx_word' id='word_1_130' title='bbox 178 1480 252 1520; x_wconf 80' lang='lat' dir='ltr'><strong>nona</strong></span> <span class='ocrx_word' id='word_1_131' title='bbox 265 1481 349 1519; x_wconf 89' lang='lat' dir='ltr'><strong>aurea</strong></span> <span class='ocrx_word' id='word_1_132' title='bbox 363 1467 538 1520; x_wconf 87' lang='lat' dir='ltr'><strong>muliebriter</strong></span> <span class='ocrx_word' id='word_1_133' title='bbox 550 1469 657 1518; x_wconf 88' lang='lat' dir='ltr'><strong>cinctus</strong></span> <span class='ocrx_word' id='word_1_134' title='bbox 671 1467 811 1517; x_wconf 84' lang='lat' dir='ltr'><strong>acinacem</strong></span> <span class='ocrx_word' id='word_1_135' title='bbox 825 1482 873 1518; x_wconf 84' lang='lat' dir='ltr'><strong>sus</strong></span> <span class='ocrx_word' id='word_1_136' title='bbox 895 1482 947 1518; x_wconf 86' lang='lat' dir='ltr'><strong>en·</strong></span> 
     </span>
     <span class='ocr_line' id='line_1_22' title="bbox 136 1481 947 1604; baseline 0 -18"><span class='ocrx_word' id='word_1_137' title='bbox 136 1535 224 1597; x_wconf 85' lang='lat' dir='ltr'><strong>derat,</strong></span> <span class='ocrx_word' id='word_1_138' title='bbox 239 1536 285 1586; x_wconf 94' lang='lat' dir='ltr'><strong>cui</strong></span> <span class='ocrx_word' id='word_1_139' title='bbox 296 1550 332 1587; x_wconf 82' lang='lat' dir='ltr'><strong>ex</strong></span> <span class='ocrx_word' id='word_1_140' title='bbox 342 1550 450 1604; x_wconf 83' lang='lat' dir='ltr'><strong>gemma</strong></span> <span class='ocrx_word' id='word_1_141' title='bbox 459 1536 561 1602; x_wconf 81' lang='lat' dir='ltr'><strong>ragina</strong></span> <span class='ocrx_word' id='word_1_142' title='bbox 573 1541 641 1584; x_wconf 90' lang='lat' dir='ltr'><strong>erat.</strong></span> <span class='ocrx_word' id='word_1_143' title='bbox 679 1532 719 1584; x_wconf 81' lang='lat'><strong>19.</strong></span> <span class='ocrx_word' id='word_1_144' title='bbox 741 1533 862 1584; x_wconf 82' lang='lat' dir='ltr'><strong>Cidarim</strong></span> <span class='ocrx_word' id='word_1_145' title='bbox 875 1481 947 1586; x_wconf 50' lang='lat' dir='ltr'><strong>ier-</strong></span> 
     </span>
     <span class='ocr_line' id='line_1_23' title="bbox 136 1598 948 1670; baseline 0.001 -17"><span class='ocrx_word' id='word_1_146' title='bbox 136 1617 184 1653; x_wconf 86' lang='lat' dir='ltr'><strong>sae</strong></span> <span class='ocrx_word' id='word_1_147' title='bbox 203 1603 311 1669; x_wconf 90' lang='lat' dir='ltr'><strong>regium</strong></span> <span class='ocrx_word' id='word_1_148' title='bbox 331 1603 429 1668; x_wconf 89' lang='lat' dir='ltr'><strong>capitis</strong></span> <span class='ocrx_word' id='word_1_149' title='bbox 443 1603 581 1653; x_wconf 86' lang='lat' dir='ltr'><strong>vocabant</strong></span> <span class='ocrx_word' id='word_1_150' title='bbox 593 1601 715 1670; x_wconf 79' lang='lat' dir='ltr'><strong>insigna:</strong></span> <span class='ocrx_word' id='word_1_151' title='bbox 736 1598 789 1652; x_wconf 91' lang='lat' dir='ltr'><strong>hoc</strong></span> <span class='ocrx_word' id='word_1_152' title='bbox 809 1603 948 1654; x_wconf 90' lang='lat' dir='ltr'><strong>caerulea</strong></span> 
     </span>
     <span class='ocr_line' id='line_1_24' title="bbox 135 1668 947 1726; baseline 0.002 -6"><span class='ocrx_word' id='word_1_153' title='bbox 135 1669 298 1726; x_wconf 80' lang='lat' dir='ltr'><strong>fasciatalbc</strong></span> <span class='ocrx_word' id='word_1_154' title='bbox 311 1670 444 1722; x_wconf 87' lang='lat' dir='ltr'><strong>distincta</strong></span> <span class='ocrx_word' id='word_1_155' title='bbox 454 1670 626 1722; x_wconf 86' lang='lat' dir='ltr'><strong>circumibat.</strong></span> <span class='ocrx_word' id='word_1_156' title='bbox 662 1671 705 1720; x_wconf 80' lang='lat'><strong>2⁰.</strong></span> <span class='ocrx_word' id='word_1_157' title='bbox 716 1668 831 1719; x_wconf 84' lang='lat' dir='ltr'><strong>Currum</strong></span> <span class='ocrx_word' id='word_1_158' title='bbox 843 1670 947 1721; x_wconf 89' lang='lat' dir='ltr'><strong>decem</strong></span> 
     </span>
     <span class='ocr_line' id='line_1_25' title="bbox 135 1727 946 1806; baseline -0.001 -16"><span class='ocrx_word' id='word_1_159' title='bbox 135 1727 405 1792; x_wconf 69' lang='lat' dir='ltr'><strong>millia&#39;hastatorum</strong></span> <span class='ocrx_word' id='word_1_160' title='bbox 415 1739 614 1806; x_wconf 79' lang='lat' dir='ltr'><strong>sequebantur:</strong></span> <span class='ocrx_word' id='word_1_161' title='bbox 625 1734 720 1787; x_wconf 88' lang='lat' dir='ltr'><strong>hastas</strong></span> <span class='ocrx_word' id='word_1_162' title='bbox 731 1743 847 1803; x_wconf 81' lang='lat' dir='ltr'><strong>argento</strong></span> <span class='ocrx_word' id='word_1_163' title='bbox 860 1730 946 1789; x_wconf 76' lang='lat' dir='ltr'><strong>exor-</strong></span> 
     </span>
     <span class='ocr_line' id='line_1_26' title="bbox 135 1802 946 1872; baseline 0.001 -16"><span class='ocrx_word' id='word_1_164' title='bbox 135 1812 223 1870; x_wconf 87' lang='lat' dir='ltr'><strong>natas,</strong></span> <span class='ocrx_word' id='word_1_165' title='bbox 243 1806 351 1872; x_wconf 88' lang='lat' dir='ltr'><strong>spicula</strong></span> <span class='ocrx_word' id='word_1_166' title='bbox 365 1821 433 1858; x_wconf 87' lang='lat' dir='ltr'><strong>auro</strong></span> <span class='ocrx_word' id='word_1_167' title='bbox 448 1806 572 1872; x_wconf 82' lang='lat' dir='ltr'><strong>praefixa</strong></span> <span class='ocrx_word' id='word_1_168' title='bbox 586 1803 741 1872; x_wconf 84' lang='lat' dir='ltr'><strong>gestabant.</strong></span> <span class='ocrx_word' id='word_1_169' title='bbox 777 1805 818 1852; x_wconf 90' lang='grc'><strong>21.</strong></span> <span class='ocrx_word' id='word_1_170' title='bbox 832 1802 946 1857; x_wconf 83' lang='lat' dir='ltr'><strong>Dextra</strong></span> 
     </span>
     <span class='ocr_line' id='line_1_27' title="bbox 135 1870 944 1942; baseline -0.001 -18"><span class='ocrx_word' id='word_1_171' title='bbox 135 1873 270 1942; x_wconf 85' lang='lat' dir='ltr'><strong>laevaque</strong></span> <span class='ocrx_word' id='word_1_172' title='bbox 287 1889 382 1942; x_wconf 80' lang='lat' dir='ltr'><strong>regem</strong></span> <span class='ocrx_word' id='word_1_173' title='bbox 402 1873 515 1924; x_wconf 88' lang='lat' dir='ltr'><strong>ducenti</strong></span> <span class='ocrx_word' id='word_1_174' title='bbox 533 1872 621 1922; x_wconf 90' lang='lat' dir='ltr'><strong>ferme</strong></span> <span class='ocrx_word' id='word_1_175' title='bbox 640 1870 807 1922; x_wconf 89' lang='lat' dir='ltr'><strong>nobilissimi</strong></span> <span class='ocrx_word' id='word_1_176' title='bbox 827 1873 944 1938; x_wconf 92' lang='lat' dir='ltr'><strong>propin-</strong></span> 
     </span>
     <span class='ocr_line' id='line_1_28' title="bbox 136 1937 945 2008; baseline -0.002 -16"><span class='ocrx_word' id='word_1_177' title='bbox 136 1957 252 2008; x_wconf 89' lang='lat' dir='ltr'><strong>quorum</strong></span> <span class='ocrx_word' id='word_1_178' title='bbox 265 1941 478 1992; x_wconf 73' lang='lat' dir='ltr'><strong>comitabantur,</strong></span> <span class='ocrx_word' id='word_1_179' title='bbox 515 1939 623 1989; x_wconf 85' lang='lat' dir='ltr'><strong>Horum</strong></span> <span class='ocrx_word' id='word_1_180' title='bbox 638 1952 737 2005; x_wconf 82' lang='lat' dir='ltr'><strong>agmen</strong></span> <span class='ocrx_word' id='word_1_181' title='bbox 757 1937 945 1990; x_wconf 89' lang='lat' dir='ltr'><strong>claudebatur</strong></span> 
     </span>
    </p>
   </div>
   <div class='ocr_carea' id='block_1_3' title="bbox 135 2005 944 2193">
    <p class='ocr_par' dir='ltr' id='par_1_3' title="bbox 135 2005 944 2193">
     <span class='ocr_line' id='line_1_29' title="bbox 135 2005 944 2123; baseline -0.001 -64"><span class='ocrx_word' id='word_1_182' title='bbox 135 2009 251 2090; x_wconf 81' lang='lat' dir='ltr'><strong>triginta</strong></span> <span class='ocrx_word' id='word_1_183' title='bbox 267 2009 390 2059; x_wconf 92' lang='lat' dir='ltr'><strong>millibus</strong></span> <span class='ocrx_word' id='word_1_184' title='bbox 408 2008 540 2073; x_wconf 87' lang='lat' dir='ltr'><strong>peditum,</strong></span> <span class='ocrx_word' id='word_1_185' title='bbox 561 2021 629 2072; x_wconf 90' lang='lat' dir='ltr'><strong>quos</strong></span> <span class='ocrx_word' id='word_1_186' title='bbox 646 2005 797 2123; x_wconf 58' lang='lat' dir='ltr'><strong>equiregis</strong></span> <span class='ocrx_word' id='word_1_187' title='bbox 809 2006 944 2086; x_wconf 78' lang='lat' dir='ltr'><strong>qpadrin·</strong></span> 
     </span>
     <span class='ocr_line' id='line_1_30' title="bbox 136 2073 944 2193; baseline -0.002 -67"><span class='ocrx_word' id='word_1_188' title='bbox 136 2083 214 2193; x_wconf 59' lang='lat' dir='ltr'><strong>{em</strong></span> <span class='ocrx_word' id='word_1_189' title='bbox 223 2075 418 2143; x_wconf 89' lang='lat' dir='ltr'><strong>sequebantur.</strong></span> <span class='ocrx_word' id='word_1_190' title='bbox 455 2077 496 2124; x_wconf 91' lang='grc'><strong>22.</strong></span> <span class='ocrx_word' id='word_1_191' title='bbox 515 2073 665 2124; x_wconf 85' lang='lat' dir='ltr'><strong>Intervallo</strong></span> <span class='ocrx_word' id='word_1_192' title='bbox 682 2073 746 2124; x_wconf 89' lang='lat' dir='ltr'><strong>dem</strong></span> <span class='ocrx_word' id='word_1_193' title='bbox 767 2081 944 2126; x_wconf 86' lang='lat' dir='ltr'><strong>eunrussta-</strong></span> 
     </span>
    </p>
   </div>
   <div class='ocr_carea' id='block_1_4' title="bbox 134 2136 1015 2747">
    <p class='ocr_par' dir='ltr' id='par_1_4' title="bbox 134 2136 1015 2747">
     <span class='ocr_line' id='line_1_31' title="bbox 155 2136 943 2208; baseline -0.001 -15"><span class='ocrx_word' id='word_1_194' title='bbox 155 2144 184 2206; x_wconf 92' lang='lat' dir='ltr'><strong>ii,</strong></span> <span class='ocrx_word' id='word_1_195' title='bbox 197 2150 313 2194; x_wconf 87' lang='lat' dir='ltr'><strong>matrem</strong></span> <span class='ocrx_word' id='word_1_196' title='bbox 322 2142 403 2194; x_wconf 87' lang='lat' dir='ltr'><strong>Darii</strong></span> <span class='ocrx_word' id='word_1_197' title='bbox 413 2140 601 2208; x_wconf 84' lang='lat' dir='ltr'><strong>Sysigambim</strong></span> <span class='ocrx_word' id='word_1_198' title='bbox 613 2154 709 2191; x_wconf 86' lang='lat' dir='ltr'><strong>currus</strong></span> <span class='ocrx_word' id='word_1_199' title='bbox 720 2136 852 2204; x_wconf 79' lang='lat' dir='ltr'><strong>rebebat3</strong></span> <span class='ocrx_word' id='word_1_200' title='bbox 872 2147 903 2192; x_wconf 90' lang='lat' dir='ltr'><strong>et</strong></span> <span class='ocrx_word' id='word_1_201' title='bbox 912 2143 943 2192; x_wconf 92' lang='lat' dir='ltr'><strong>in</strong></span> 
     </span>
     <span class='ocr_line' id='line_1_32' title="bbox 137 2207 945 2274; baseline 0.001 -15"><span class='ocrx_word' id='word_1_202' title='bbox 137 2210 192 2261; x_wconf 91' lang='lat' dir='ltr'><strong>alio</strong></span> <span class='ocrx_word' id='word_1_203' title='bbox 208 2218 268 2261; x_wconf 90' lang='lat' dir='ltr'><strong>erat</strong></span> <span class='ocrx_word' id='word_1_204' title='bbox 281 2207 392 2261; x_wconf 88' lang='lat' dir='ltr'><strong>coniux.</strong></span> <span class='ocrx_word' id='word_1_205' title='bbox 429 2209 524 2260; x_wconf 90' lang='lat' dir='ltr'><strong>Turba</strong></span> <span class='ocrx_word' id='word_1_206' title='bbox 543 2207 707 2259; x_wconf 83' lang='lat' dir='ltr'><strong>feminarum</strong></span> <span class='ocrx_word' id='word_1_207' title='bbox 721 2207 834 2274; x_wconf 87' lang='lat' dir='ltr'><strong>reginas</strong></span> <span class='ocrx_word' id='word_1_208' title='bbox 855 2211 945 2260; x_wconf 90' lang='lat' dir='ltr'><strong>comi-</strong></span> 
     </span>
     <span class='ocr_line' id='line_1_33' title="bbox 136 2274 941 2343; baseline 0.001 -17"><span class='ocrx_word' id='word_1_209' title='bbox 136 2279 252 2326; x_wconf 91' lang='lat' dir='ltr'><strong>tantium</strong></span> <span class='ocrx_word' id='word_1_210' title='bbox 269 2277 348 2343; x_wconf 86' lang='lat' dir='ltr'><strong>equis</strong></span> <span class='ocrx_word' id='word_1_211' title='bbox 366 2276 538 2328; x_wconf 83' lang='lat' dir='ltr'><strong>vectabatur.</strong></span> <span class='ocrx_word' id='word_1_212' title='bbox 577 2276 618 2326; x_wconf 87' lang='grc'><strong>23.</strong></span> <span class='ocrx_word' id='word_1_213' title='bbox 642 2275 806 2337; x_wconf 79' lang='lat' dir='ltr'><strong>Quindecim</strong></span> <span class='ocrx_word' id='word_1_214' title='bbox 827 2274 941 2336; x_wconf 87' lang='lat' dir='ltr'><strong>deinde,</strong></span> 
     </span>
     <span class='ocr_line' id='line_1_34' title="bbox 135 2339 944 2412; baseline 0.005 -22"><span class='ocrx_word' id='word_1_215' title='bbox 135 2357 203 2406; x_wconf 86' lang='lat' dir='ltr'><strong>quas</strong></span> <span class='ocrx_word' id='word_1_216' title='bbox 214 2357 384 2394; x_wconf 84' lang='lat' dir='ltr'><strong>armamaxas</strong></span> <span class='ocrx_word' id='word_1_217' title='bbox 396 2343 745 2412; x_wconf 69' lang='lat' dir='ltr'><strong>appellantsequebantur.</strong></span> <span class='ocrx_word' id='word_1_218' title='bbox 764 2342 795 2392; x_wconf 94' lang='lat' dir='ltr'><strong>ln</strong></span> <span class='ocrx_word' id='word_1_219' title='bbox 805 2339 848 2392; x_wconf 90' lang='lat' dir='ltr'><strong>bis</strong></span> <span class='ocrx_word' id='word_1_220' title='bbox 860 2353 944 2394; x_wconf 88' lang='lat' dir='ltr'><strong>erant</strong></span> 
     </span>
     <span class='ocr_line' id='line_1_35' title="bbox 134 2407 1014 2478; baseline 0.006 -20"><span class='ocrx_word' id='word_1_221' title='bbox 134 2407 217 2458; x_wconf 86' lang='lat' dir='ltr'><strong>liberi</strong></span> <span class='ocrx_word' id='word_1_222' title='bbox 225 2411 310 2475; x_wconf 88' lang='lat' dir='ltr'><strong>regis,</strong></span> <span class='ocrx_word' id='word_1_223' title='bbox 320 2417 348 2461; x_wconf 92' lang='lat' dir='ltr'><strong>et</strong></span> <span class='ocrx_word' id='word_1_224' title='bbox 358 2411 404 2478; x_wconf 92' lang='lat' dir='ltr'><strong>qui</strong></span> <span class='ocrx_word' id='word_1_225' title='bbox 416 2411 571 2464; x_wconf 85' lang='lat' dir='ltr'><strong>educabant</strong></span> <span class='ocrx_word' id='word_1_226' title='bbox 581 2410 854 2478; x_wconf 85' lang='lat' dir='ltr'><strong>eos,spadonun1que</strong></span> <span class='ocrx_word' id='word_1_227' title='bbox 860 2423 942 2478; x_wconf 82' lang='lat' dir='ltr'><strong>grex,</strong></span> <span class='ocrx_word' id='word_1_228' title='bbox 1013 2437 1014 2440; x_wconf 55' lang='lat'><em>=</em></span> 
     </span>
     <span class='ocr_line' id='line_1_36' title="bbox 135 2472 1015 2546; baseline 0.005 -22"><span class='ocrx_word' id='word_1_229' title='bbox 135 2472 209 2524; x_wconf 89' lang='lat' dir='ltr'><strong>haud</strong></span> <span class='ocrx_word' id='word_1_230' title='bbox 220 2490 286 2525; x_wconf 89' lang='lat' dir='ltr'><strong>sane</strong></span> <span class='ocrx_word' id='word_1_231' title='bbox 298 2476 354 2528; x_wconf 91' lang='lat' dir='ltr'><strong>illis</strong></span> <span class='ocrx_word' id='word_1_232' title='bbox 366 2480 495 2546; x_wconf 82' lang='lat' dir='ltr'><strong>gentibus</strong></span> <span class='ocrx_word' id='word_1_233' title='bbox 507 2479 580 2529; x_wconf 86' lang='lat' dir='ltr'><strong>vilis.</strong></span> <span class='ocrx_word' id='word_1_234' title='bbox 610 2477 651 2528; x_wconf 79' lang='grc'><strong>21.</strong></span> <span class='ocrx_word' id='word_1_235' title='bbox 671 2479 740 2528; x_wconf 85' lang='lat' dir='ltr'><strong>Tum</strong></span> <span class='ocrx_word' id='word_1_236' title='bbox 751 2477 848 2546; x_wconf 82' lang='lat' dir='ltr'><strong>regiae</strong></span> <span class='ocrx_word' id='word_1_237' title='bbox 859 2479 942 2546; x_wconf 91' lang='lat' dir='ltr'><strong>pelli·</strong></span> <span class='ocrx_word' id='word_1_238' title='bbox 1014 2513 1015 2542; x_wconf 81' lang='lat'><strong>,</strong></span> 
     </span>
     <span class='ocr_line' id='line_1_37' title="bbox 135 2543 1015 2612; baseline 0.007 -18"><span class='ocrx_word' id='word_1_239' title='bbox 135 2557 182 2594; x_wconf 88' lang='lat' dir='ltr'><strong>ces</strong></span> <span class='ocrx_word' id='word_1_240' title='bbox 196 2548 338 2594; x_wconf 86' lang='lat' dir='ltr'><strong>trecentae</strong></span> <span class='ocrx_word' id='word_1_241' title='bbox 352 2561 419 2597; x_wconf 82' lang='lat' dir='ltr'><strong>sexa</strong></span> <span class='ocrx_word' id='word_1_242' title='bbox 442 2549 498 2596; x_wconf 89' lang='lat' dir='ltr'><strong>&#39;nta</strong></span> <span class='ocrx_word' id='word_1_243' title='bbox 512 2543 691 2607; x_wconf 88' lang='lat' dir='ltr'><strong>vehebantur,</strong></span> <span class='ocrx_word' id='word_1_244' title='bbox 714 2550 743 2595; x_wconf 89' lang='lat' dir='ltr'><strong>et</strong></span> <span class='ocrx_word' id='word_1_245' title='bbox 755 2547 834 2612; x_wconf 85' lang='lat' dir='ltr'><strong>ipsae</strong></span> <span class='ocrx_word' id='word_1_246' title='bbox 847 2545 944 2612; x_wconf 88' lang='lat' dir='ltr'><strong>regali</strong></span> <span class='ocrx_word' id='word_1_247' title='bbox 1014 2555 1015 2600; x_wconf 51' lang='lat' dir='ltr'><em>Q</em></span> 
     </span>
     <span class='ocr_line' id='line_1_38' title="bbox 135 2610 1015 2678; baseline 0.001 -17"><span class='ocrx_word' id='word_1_248' title='bbox 135 2610 210 2661; x_wconf 91' lang='lat' dir='ltr'><strong>cultu</strong></span> <span class='ocrx_word' id='word_1_249' title='bbox 222 2615 383 2678; x_wconf 89' lang='lat' dir='ltr'><strong>ornatuque.</strong></span> <span class='ocrx_word' id='word_1_250' title='bbox 437 2613 755 2678; x_wconf 87' lang='lat' dir='ltr'><strong>ostquaspecuniamre</strong></span> <span class='ocrx_word' id='word_1_251' title='bbox 779 2613 942 2664; x_wconf 82' lang='lat' dir='ltr'><strong>&#39;ssercenti</strong></span> <span class='ocrx_word' id='word_1_252' title='bbox 1014 2611 1015 2656; x_wconf 83' lang='lat' dir='ltr'><strong>l</strong></span> 
     </span>
     <span class='ocr_line' id='line_1_39' title="bbox 135 2678 1015 2747; baseline 0.005 -20"><span class='ocrx_word' id='word_1_253' title='bbox 135 2678 201 2728; x_wconf 90' lang='lat' dir='ltr'><strong>muli</strong></span> <span class='ocrx_word' id='word_1_254' title='bbox 217 2683 245 2729; x_wconf 85' lang='lat' dir='ltr'><strong>et</strong></span> <span class='ocrx_word' id='word_1_255' title='bbox 259 2681 379 2730; x_wconf 87' lang='lat' dir='ltr'><strong>trecenti</strong></span> <span class='ocrx_word' id='word_1_256' title='bbox 392 2681 491 2730; x_wconf 83' lang='lat' dir='ltr'><strong>cameli</strong></span> <span class='ocrx_word' id='word_1_257' title='bbox 500 2678 649 2742; x_wconf 88' lang='lat' dir='ltr'><strong>vehebant,</strong></span> <span class='ocrx_word' id='word_1_258' title='bbox 665 2679 760 2746; x_wconf 77' lang='lat' dir='ltr'><strong>praeci</strong></span> <span class='ocrx_word' id='word_1_259' title='bbox 778 2680 806 2730; x_wconf 92' lang='lat' dir='ltr'><strong>io</strong></span> <span class='ocrx_word' id='word_1_260' title='bbox 822 2679 941 2747; x_wconf 86' lang='lat' dir='ltr'><strong>sagitta·</strong></span> <span class='ocrx_word' id='word_1_261' title='bbox 1014 2683 1015 2686; x_wconf 75' lang='grc'>’</span> 
     </span>
    </p>
   </div>
   <div class='ocr_carea' id='block_1_5' title="bbox 0 0 1032 3030">
    <p class='ocr_par' dir='ltr' id='par_1_5' title="bbox 0 0 1032 3030">
     <span class='ocr_line' id='line_1_40' title="bbox 0 0 1032 3030; baseline 0 1"><span class='ocrx_word' id='word_1_262' title='bbox 0 0 1032 3030; x_wconf 95' lang='lat' dir='ltr'><strong> </strong></span> 
     </span>
    </p>
   </div>
  </div>
 </body>
</html>
