2036 3030
79 175 114 224 so
264 169 410 228 roduna
427 128 695 256 Fffjrnsuunur

80 275 295 341 addideratque,
310 271 411 341 quant,s
424 269 461 330 ¹ilo
474 274 598 325 rcedonis
612 273 763 325 amicitiam
774 279 885 340 practu-

79 343 192 404 lissent,
208 356 225 391 a
239 355 269 391 se
283 339 410 406 deincefl,
421 348 451 402 bs
461 357 522 402 ,rum
533 356 568 391 ne
578 346 718 408 peterent:
740 355 795 390 non
811 342 884 392 enim

79 411 227 461 missurum
239 422 311 470 esse,
323 389 590 474 etiard'ro'gantibua.

131 476 164 526 V.
191 476 226 526 At
248 474 419 538 Alexander,
443 491 526 543 quum
547 476 621 525 inter
646 473 883 542 progrediendum

79 559 176 612 agrum
191 558 208 593 a
220 558 287 610 rege
304 543 451 595 Persarum
466 543 608 593 Memnoni
624 542 698 594 dono
714 542 808 592 datum
819 544 883 592 atti-

79 613 180 678 gisset,
195 611 334 662 maleficio
350 611 486 662 abstineri
495 609 585 672 iubet,
601 610 765 676 colonisque
782 615 812 659 et
824 607 882 658 fru-

79 678 169 729 ctibus
185 680 273 746 parci:
290 678 392 730 callido
407 683 564 729 commento
580 684 739 744 suspectum
755 675 881 726 facturus

78 743 217 799 hominem
232 747 412 808 industrium,
427 751 455 795 et
468 759 549 811 quem
564 759 599 796 ex
613 744 740 795 omnibus
759 742 881 794 hostium

78 814 193 865 ducibus
211 827 294 864 unum
315 828 369 864 non
390 818 593 874 contemneret,
613 813 685 863 siin
703 826 768 862 suas
787 817 881 876 partes

76 882 257 934 transducere
268 882 447 947 nequivisset.
483 883 507 930 2.
528 879 673 946 Quumque
683 880 828 930 lenitatem
839 893 881 927 re-

77 950 120 1015 gis
140 951 269 1001 admirati
289 948 409 1014 quidam,
429 949 593 999 acerrimum
614 947 881 1013 callidissimumquc

76 1017 261 1068 Macedonum
272 1015 394 1076 hostem,
408 1016 607 1080 quamprimum
616 1016 644 1065 in
659 1020 828 1082 potestatem
838 1028 880 1063 re-

77 1084 174 1135 dactus
194 1090 278 1143 esset,
299 1080 530 1144 interficiendum,
549 1088 578 1133 at
599 1097 633 1134 ue
651 1082 762 1132 interim
780 1081 880 1148 quibus

76 1158 174 1217 posset
189 1150 314 1200 cladibus
329 1149 484 1200 vexandum
498 1164 560 1200 esse
597 1151 713 1200 'cerentx
736 1147 820 1212 Quin,
839 1151 881 1199 in·

77 1220 145 1285 quit,
154 1216 245 1284 potius
257 1215 320 1266 benc
344 1216 391 1266 ciis
401 1217 600 1282 supplantamus
611 1215 757 1278 bominem,
773 1225 801 1266 et
813 1216 879 1266 ami·

77 1301 135 1336 cum
146 1300 178 1335 ex
186 1281 294 1334 inimico
323 1283 436 1346 adorus,
452 1284 548 1334 eadem'
557 1284 655 1335 viridate
666 1293 691 1335 et
701 1283 819 1335 sollertia
827 1299 880 1350 pro

76 1351 150 1403 nobis
160 1358 302 1402 staturam.
339 1351 363 1401 3.
383 1349 503 1402 Ventum
515 1359 575 1403 erat
586 1354 614 1403 in
625 1367 738 1419 campos
748 1351 879 1403 Adraste-

76 1436 122 1482 ae,
138 1433 188 1488 per
205 1435 274 1486 quos
285 1417 421 1469 Granicus
438 1421 526 1470 amnis
539 1420 686 1487 praecipiti
701 1435 783 1470 cursu
793 1419 880 1469 volvi-

76 1495 129 1538 tur.
166 1482 207 1536 lbi
218 1488 329 1553 quidam
340 1501 375 1539 ex
385 1488 620 1554 speculatoribus,
633 1503 702 1555 quos
714 1503 775 1538 cum
787 1487 880 1552 liege-

76 1552 160 1605 locho
169 1557 368 1620 praemiserat,
385 1557 492 1606 reversi
504 1556 647 1618 nunciant,
660 1556 762 1607 Persas
778 1555 881 1605 instru-

33 1639 35 1644 ·
76 1624 128 1673 ctis
145 1623 179 1672 ad
193 1622 330 1688 proelium
347 1623 491 1674 ordinibus
510 1625 539 1674 in
555 1623 689 1675 ulteriore
709 1623 770 1688 ripa
789 1623 880 1672 consi-

75 1697 161 1741 stere.
195 1691 221 1740 4.
241 1690 387 1757 Paulisper
406 1697 607 1753 commoratus,
627 1691 691 1742 dum
708 1690 742 1740 de
761 1689 880 1740 transitu

75 1757 223 1808 consilium
234 1766 354 1825 caperet,
367 1759 452 1812 duces
463 1759 613 1811 convocari
622 1759 709 1810 iubet.
732 1757 879 1822 Plerisque

74 1827 236 1944 ppaecipitis
251 1834 279 1876 et
290 1827 364 1878 irriti
379 1834 494 1879 conatus
509 1827 667 1889 ridebatur,
687 1823 799 1876 flurium
816 1839 879 1892 pro-

107 1895 188 1944 ndum
199 1910 386 1960 perrumpere,
397 1897 485 1960 ripam
496 1910 547 1944 sua
561 1899 660 1944 natura
669 1893 783 1944 arduam
795 1899 878 1958 atque

74 1962 236 2028 impeditam
247 1961 436 2011 obtinentibus
446 1962 617 2027 totaquitum
628 1961 807 2027 peditumque
818 1960 878 2010 mil·

67 2028 157 2080 libus.
193 2027 391 2089 Necdeerant,
407 2027 455 2093 qui
467 2030 641 2094 ingererent,
658 2027 792 2080 Daesium
801 2042 877 2078 men-

75 2111 133 2146 sem
145 2098 181 2159 (is
192 2097 265 2147 enim
276 2095 420 2162 agebatur,
432 2093 511 2145 lunio
524 2095 709 2161 respondens)
725 2096 878 2151 infaustum

75 2179 120 2214 res
136 2164 297 2231 gerentibus
313 2161 385 2229 apud
398 2161 569 2214 Macedonas
584 2160 690 2214 baberi.
726 2163 751 2213 5.
770 2164 814 2214 De
832 2177 879 2229 pe·

74 2232 164 2282 riculo
180 2247 234 2281 non
249 2231 363 2292 anxius,
384 2231 612 2296 superstitionem
629 2229 704 2282 haud
717 2232 879 2282 contemsit:

75 2313 190 2365 gnarus,
208 2305 338 2363 quantum
348 2301 377 2347 in
386 2297 502 2348 rudibus
512 2299 611 2349 animis
622 2298 729 2349 valeret
739 2300 823 2349 etiam
832 2311 880 2347 ra·

74 2381 127 2416 nae
139 2365 285 2431 religionis
297 2366 401 2431 opinio.
428 2364 516 2432 lgitur
524 2365 621 2428 edixit,
632 2373 663 2417 ut
672 2367 793 2433 repetito
804 2366 880 2432 prio-

73 2435 113 2483 ris
127 2433 230 2482 mensis
244 2433 370 2495 nomine,
385 2446 435 2499 pro
450 2433 556 2484 Daesio
571 2435 642 2484 alter
656 2434 820 2485 Artemisius
833 2431 880 2482 ha-

74 2500 196 2551 beretur.
233 2495 257 2547 6.
277 2499 312 2549 Et
330 2514 384 2566 quo
403 2501 543 2551 efficacius
561 2502 790 2552 confirmarentur
808 2507 880 2551 atto-

74 2570 150 2617 nitae
161 2572 278 2632 mentes,
288 2567 480 2618 Aristandrum
492 2571 566 2631 (nam
575 2571 600 2619 is
611 2568 686 2620 lorte
696 2584 747 2635 pro
759 2569 880 2620 transitu

74 2633 262 2695 sacrificabat)
284 2641 394 2684 secreto
414 2636 523 2685 moneri
537 2637 628 2698 iubet,
648 2644 679 2687 ut
699 2642 880 2703 excepturum

74 2707 140 2752 exta
153 2716 263 2751 manum
276 2700 445 2752 inscriberet
458 2703 674 2766 medicamento,
688 2704 778 2756 literis
787 2703 880 2754 inver-
