2048 3034
260 121 404 172 LIBER
433 121 464 172 V.
494 115 591 174 CAP.
621 125 661 174 12.
691 123 731 174 13.
838 121 885 172 221

82 222 207 285 beretur,
227 225 321 274 aureis
334 223 516 290 compedibus
532 224 646 275 Darium
662 224 794 286 vinciunt,
815 239 887 274 nora

81 291 205 342 ludibria
224 290 341 342 subinde
361 294 541 358 excogitante
561 290 681 342 fortuna.
716 292 753 342 Et
766 289 887 342 neforto

80 359 159 408 cultu
169 357 250 424 regio
261 363 357 423 posset
366 361 491 425 agnosci,
510 359 633 410 sordidis
645 358 764 424 pellibus
776 357 886 409 vehicu-

80 425 138 476 lum
148 427 323 488 iutexerant3
342 425 434 494 ignoti
443 427 568 478 iumenta
577 423 706 492 agebant,
726 441 761 477 ne
772 439 873 492 percon

82 492 223 544 etantibus
233 493 261 542 in
271 493 381 560 agmine
392 495 541 545 mansoari
551 499 661 560 posset:
683 493 814 544 custodes
823 508 874 558 pro

82 561 128 611 cul
139 560 334 626 sequebantur.
564 563 577 590 ⁸

132 627 206 678 Xlll.
225 627 391 689 Alexander,
407 627 503 678 audito
518 629 634 678 Darium
649 627 771 676 movisse
791 626 825 674 ab
837 627 886 676 Ec-

80 695 203 756 batanis,
224 697 330 747 omisso
347 696 462 756 itinere,
484 695 560 761 quod
578 693 692 762 petebat
708 696 737 744 in
756 692 887 755 Mediam,

80 762 235 830 fugientem
245 763 357 829 insequi
366 761 459 828 pergit
470 767 590 812 streame.
617 763 642 810 2.
654 760 747 812 Tabas
758 759 888 826 oppidum

81 839 126 882 est
139 832 168 882 in
182 830 373 881 Paraetacene
388 828 497 878 ultima:
520 828 560 880 ibi
573 827 737 896 transfugae
751 827 888 888 nuntiant,

82 899 264 964 praecipitem
274 895 343 963 iuga
355 894 458 946 Bactra
466 901 564 961 petere
575 895 698 948 Darium.
723 897 747 947 3.
759 895 889 946 Certiora

81 965 184 1016 deinde
204 965 353 1030 cognoscit
377 977 412 1014 ex
432 962 613 1030 Bagystheue
632 963 804 1030 Babylonio:
832 977 888 1013 non

67 1031 214 1098 ¹equidem
233 1031 356 1080 vinctum
375 1045 480 1098 regem,
499 1031 549 1082 sed
569 1032 597 1081 in
618 1032 744 1097 periculo
758 1044 824 1080 esse
841 1036 889 1080 aut

80 1098 191 1159 mortis,
203 1104 252 1148 aut
262 1097 435 1149 vinculorum
445 1098 609 1150 affirmabat.
644 1100 669 1149 4.
689 1099 758 1159 Rex,
770 1097 888 1148 ducibus

81 1166 256 1226 convocatis,
266 1164 420 1228 maaimum,
430 1167 461 1217 ia
480 1168 530 1228 uit,
541 1181 614 1233 opas,
625 1167 673 1217 sed
680 1165 757 1217 labor
766 1164 888 1216 ondam-

55 1248 59 1258 ·
81 1240 281 1300 motmperest:
292 1231 442 1285 Dorionis
482 1235 582 1301 procul
590 1233 829 1296 destitotmasot's,
840 1241 890 1284 aet

83 1315 231 1368 oppressos.
266 1300 301 1352 Io
315 1301 360 1352 illo
375 1317 487 1368 corpere
497 1301 590 1368 posito
606 1301 887 1354 estoicton'anostra:

81 1377 109 1418 et
117 1377 197 1420 tanta
207 1385 249 1420 res
261 1367 405 1420 celeritatis
416 1369 620 1436 ertpcaemc'um.
656 1370 680 1421 5.
700 1370 887 1436 Omnespari-

82 1442 124 1486 ter
135 1437 325 1498 conclamant,
335 1443 448 1502 paratos
460 1439 536 1502 ipsos
547 1438 639 1504 sequi3
660 1451 712 1490 nec
721 1437 824 1498 labori,
837 1451 888 1487 nec

83 1504 208 1570 periculo
224 1511 361 1568 parceret.
396 1504 485 1570 Igitur
497 1505 597 1572 raptim
611 1519 710 1572 agmen
725 1520 823 1556 cursus
833 1519 888 1556 ma·

85 1571 126 1637 gis
143 1587 227 1640 quam
247 1571 358 1622 itineris
376 1571 460 1622 modo
476 1570 562 1634 ducit,
582 1587 616 1622 ne
630 1570 766 1624 noctum'a
777 1571 889 1638 quidem

84 1641 176 1704 quiete
193 1639 323 1690 diurnum
336 1637 461 1689 laborem
472 1639 625 1690 relaxante.
661 1638 685 1688 o.
704 1640 800 1704 ltaque
811 1639 888 1704 quin·

85 1715 167 1772 genta
176 1705 271 1758 stadia
283 1706 434 1770 processit:
449 1711 666 1770 perventumque
679 1712 740 1756 erat
750 1707 778 1754 in
788 1707 888 1764 vicum,

20 1777 21 1794 ³
85 1775 112 1823 in
124 1789 180 1841 quo
191 1774 310 1824 Darium
320 1771 424 1824 Bessus
441 1771 699 1838 comprehenderat.
734 1775 759 1821 7.
779 1772 889 1822 lbiMe-

86 1839 130 1890 lon
144 1840 226 1893 Darii
245 1841 383 1906 interpres
405 1840 551 1906 excipitur.
587 1841 712 1906 corpore
729 1851 816 1920 aeger
835 1853 890 1888 non

21 1941 22 1962 n
86 1913 214 1986 potuerat
224 1923 241 1958 a
262 1923 324 1960 men
335 1909 430 1975 sequi,
449 1914 478 1958 et
491 1905 681 1974 deprehensus
692 1906 838 1958 celeritate
848 1920 891 1958 re-

86 1989 144 2039 gis,
160 1983 223 2026 tran
254 1989 450 2094 ugamseesre
460 1975 618 2028 simulabat.
654 1975 695 2026 Ex
706 1973 760 2026 lroe
769 1981 833 2025 acta
844 1988 890 2024 co·

87 2041 276 2162 iiiiii.
297 2041 423 2178 {tiata
433 2043 781 2163 &totalitate
802 2041 891 2176 ⁸433.

787 2145 795 2170 9

86 2123 234 2230 ssimachas
254 2178 440 2245 appellabant,
463 2179 602 2246 adiungitt
623 2180 709 2229 dorso
721 2176 749 2227 hi
760 2177 891 2244 graviora

88 2255 161 2294 arma
178 2245 336 2311 portabant,
355 2253 480 2297 ceterum
501 2247 580 2313 equis
598 2245 786 2307 vehebantur3
807 2258 890 2311 quum

23 2333 24 2336 =
88 2323 133 2360 res
142 2311 278 2380 locusque
288 2320 428 2379 posceret,
438 2312 579 2379 pedestris
589 2313 665 2364 acies
678 2319 746 2363 erat.
775 2311 800 2364 9.
812 2312 890 2362 llaec

23 2401 24 2404 =
87 2387 213 2442 agentem
231 2380 418 2432 Alexandrum
438 2379 542 2432 adeunt
558 2379 667 2432 Orsilos
686 2387 715 2430 et
732 2377 891 2446 Mythrace·

87 2458 146 2521 nes,
156 2447 202 2512 qui
211 2448 293 2500 Bessi
303 2449 482 2516 parricidium
493 2448 571 2500 exosi
583 2439 814 2516 transfugerants
822 2464 890 2498 nun·

24 2517 25 2536 ¹
87 2510 255 2582 uaoantque,
274 2515 367 2568 stadia
385 2515 417 2567 D.
430 2516 530 2567 abesse
548 2514 661 2579 Persas3
681 2517 758 2582 ipsos
776 2516 890 2567 brevius

88 2575 140 2628 iter
158 2589 371 2636 monstraturos.
408 2585 448 2635 1⁰.
468 2583 570 2635 Gratus
585 2585 646 2652 regi
656 2583 790 2636 adventus
800 2590 890 2632 nans·

90 2641 214 2712 fogamm
227 2649 290 2701 fuit.
325 2650 422 2720 ltaque
435 2652 525 2719 prima
534 2667 652 2720 vespera
662 2652 779 2703 ducibus
788 2648 889 2702 iisdem
