<?xml version="1.0" encoding="UTF-8"?>
<!DOCTYPE html PUBLIC "-//W3C//DTD XHTML 1.0 Transitional//EN"
    "http://www.w3.org/TR/xhtml1/DTD/xhtml1-transitional.dtd">
<html xmlns="http://www.w3.org/1999/xhtml" xml:lang="en" lang="en">
 <head>
  <title>
</title>
<meta http-equiv="Content-Type" content="text/html;charset=utf-8" />
  <meta name='ocr-system' content='tesseract 3.04.00' />
  <meta name='ocr-capabilities' content='ocr_page ocr_carea ocr_par ocr_line ocrx_word'/>
</head>
<body>
  <div class='ocr_page' id='page_1' title='image "./qcurtiirufidere00johagoog_0281.png"; bbox 0 0 2082 3042; ppageno 0'>
   <div class='ocr_carea' id='block_1_1' title="bbox 282 219 886 273">
    <p class='ocr_par' dir='ltr' id='par_1_1' title="bbox 282 219 886 273">
     <span class='ocr_line' id='line_1_1' title="bbox 282 219 886 273; baseline 0.007 -5"><span class='ocrx_word' id='word_1_1' title='bbox 282 219 427 270; x_wconf 81' lang='lat' dir='ltr'>LIBER</span> <span class='ocrx_word' id='word_1_2' title='bbox 454 219 519 272; x_wconf 82' lang='lat' dir='ltr'><strong><em>vll.</em></strong></span> <span class='ocrx_word' id='word_1_3' title='bbox 547 221 642 272; x_wconf 77' lang='lat' dir='ltr'><strong><em>cnP.</em></strong></span> <span class='ocrx_word' id='word_1_4' title='bbox 670 224 692 272; x_wconf 94' lang='lat' dir='ltr'><strong><em>l.</em></strong></span> <span class='ocrx_word' id='word_1_5' title='bbox 838 222 886 273; x_wconf 76' lang='lat'><strong><em>26⁹</em></strong></span> 
     </span>
    </p>
   </div>
   <div class='ocr_carea' id='block_1_2' title="bbox 14 317 943 2812">
    <p class='ocr_par' dir='ltr' id='par_1_2' title="bbox 14 317 943 2812">
     <span class='ocr_line' id='line_1_2' title="bbox 86 317 886 390; baseline 0.003 -18"><span class='ocrx_word' id='word_1_6' title='bbox 86 317 126 372; x_wconf 86' lang='lat' dir='ltr'><strong><em>nir</em></strong></span> <span class='ocrx_word' id='word_1_7' title='bbox 135 319 310 382; x_wconf 73' lang='lat' dir='ltr'><strong><em>honoramur,</em></strong></span> <span class='ocrx_word' id='word_1_8' title='bbox 322 336 400 388; x_wconf 88' lang='lat' dir='ltr'><strong><em>quum</em></strong></span> <span class='ocrx_word' id='word_1_9' title='bbox 406 320 534 388; x_wconf 73' lang='lat' dir='ltr'><strong><em>praemiii</em></strong></span> <span class='ocrx_word' id='word_1_10' title='bbox 545 319 635 371; x_wconf 83' lang='lat' dir='ltr'><strong><em>anunti</em></strong></span> <span class='ocrx_word' id='word_1_11' title='bbox 644 321 816 384; x_wconf 76' lang='lat' dir='ltr'><strong><em>revertimur,</em></strong></span> <span class='ocrx_word' id='word_1_12' title='bbox 828 321 886 390; x_wconf 79' lang='lat' dir='ltr'><strong><em>qnie</em></strong></span> 
     </span>
     <span class='ocr_line' id='line_1_3' title="bbox 79 386 886 457; baseline 0.002 -19"><span class='ocrx_word' id='word_1_13' title='bbox 79 386 158 457; x_wconf 89' lang='lat' dir='ltr'><strong><em>serre</em></strong></span> <span class='ocrx_word' id='word_1_14' title='bbox 168 402 216 438; x_wconf 82' lang='lat' dir='ltr'><strong><em>nor</em></strong></span> <span class='ocrx_word' id='word_1_15' title='bbox 221 389 329 454; x_wconf 77' lang='lat' dir='ltr'><strong><em>potent?</em></strong></span> <span class='ocrx_word' id='word_1_16' title='bbox 338 388 396 455; x_wconf 80' lang='lat' dir='ltr'><strong><em>quir</em></strong></span> <span class='ocrx_word' id='word_1_17' title='bbox 404 389 476 439; x_wconf 86' lang='lat' dir='ltr'><strong><em>illum</em></strong></span> <span class='ocrx_word' id='word_1_18' title='bbox 487 388 636 440; x_wconf 84' lang='lat' dir='ltr'><strong><em>animorum</em></strong></span> <span class='ocrx_word' id='word_1_19' title='bbox 647 389 812 440; x_wconf 72' lang='lat' dir='ltr'><strong><em>alacritatem</em></strong></span> <span class='ocrx_word' id='word_1_20' title='bbox 824 407 886 441; x_wconf 85' lang='lat' dir='ltr'><strong><em>aon·</em></strong></span> 
     </span>
     <span class='ocr_line' id='line_1_4' title="bbox 85 453 886 521; baseline 0.006 -17"><span class='ocrx_word' id='word_1_21' title='bbox 85 454 187 505; x_wconf 81' lang='lat' dir='ltr'><strong><em>tinere?</em></strong></span> <span class='ocrx_word' id='word_1_22' title='bbox 221 455 262 504; x_wconf 82' lang='lat'><strong><em>24.</em></strong></span> <span class='ocrx_word' id='word_1_23' title='bbox 282 453 457 506; x_wconf 77' lang='lat' dir='ltr'><strong><em>Militantium</em></strong></span> <span class='ocrx_word' id='word_1_24' title='bbox 476 472 524 508; x_wconf 85' lang='lat' dir='ltr'><strong><em>ner</em></strong></span> <span class='ocrx_word' id='word_1_25' title='bbox 538 454 701 521; x_wconf 81' lang='lat' dir='ltr'><strong><em>indignatio,</em></strong></span> <span class='ocrx_word' id='word_1_26' title='bbox 721 471 769 507; x_wconf 85' lang='lat' dir='ltr'><strong><em>nee</em></strong></span> <span class='ocrx_word' id='word_1_27' title='bbox 781 457 886 509; x_wconf 87' lang='lat' dir='ltr'><strong><em>laetitia</em></strong></span> 
     </span>
     <span class='ocr_line' id='line_1_5' title="bbox 14 522 884 594; baseline 0.003 -22"><span class='ocrx_word' id='word_1_28' title='bbox 14 565 16 594; x_wconf 57' lang='lat' dir='ltr'><strong><em>r</em></strong></span> <span class='ocrx_word' id='word_1_29' title='bbox 85 523 223 572; x_wconf 89' lang='lat' dir='ltr'><strong><em>moderata</em></strong></span> <span class='ocrx_word' id='word_1_30' title='bbox 233 530 279 572; x_wconf 78' lang='lat' dir='ltr'><strong><em>eet.</em></strong></span> <span class='ocrx_word' id='word_1_31' title='bbox 315 522 360 572; x_wconf 82' lang='lat' dir='ltr'><strong><em>Ad</em></strong></span> <span class='ocrx_word' id='word_1_32' title='bbox 369 539 457 580; x_wconf 75' lang='lat' dir='ltr'><strong><em>omnes</em></strong></span> <span class='ocrx_word' id='word_1_33' title='bbox 468 522 582 594; x_wconf 77' lang='lat' dir='ltr'><strong><em>affertur</em></strong></span> <span class='ocrx_word' id='word_1_34' title='bbox 592 522 692 589; x_wconf 86' lang='lat' dir='ltr'><strong><em>impetu</em></strong></span> <span class='ocrx_word' id='word_1_35' title='bbox 704 522 837 589; x_wconf 86' lang='lat' dir='ltr'><strong><em>rapimur:</em></strong></span> <span class='ocrx_word' id='word_1_36' title='bbox 848 524 884 575; x_wconf 86' lang='lat' dir='ltr'><strong><em>ai·</em></strong></span> 
     </span>
     <span class='ocr_line' id='line_1_6' title="bbox 14 588 885 656; baseline 0.007 -19"><span class='ocrx_word' id='word_1_37' title='bbox 14 595 16 626; x_wconf 67' lang='lat'>³</span> <span class='ocrx_word' id='word_1_38' title='bbox 85 595 245 655; x_wconf 85' lang='lat' dir='ltr'><strong><em>tuperomur,</em></strong></span> <span class='ocrx_word' id='word_1_39' title='bbox 256 591 402 652; x_wconf 84' lang='lat' dir='ltr'><strong><em>laudamur,</em></strong></span> <span class='ocrx_word' id='word_1_40' title='bbox 413 591 574 647; x_wconf 71' lang='lat' dir='ltr'><strong><em>miseremur,</em></strong></span> <span class='ocrx_word' id='word_1_41' title='bbox 587 588 742 650; x_wconf 76' lang='lat' dir='ltr'><strong><em>irascimur,</em></strong></span> <span class='ocrx_word' id='word_1_42' title='bbox 754 597 885 656; x_wconf 85' lang='lat' dir='ltr'><strong><em>uteunque</em></strong></span> 
     </span>
     <span class='ocr_line' id='line_1_7' title="bbox 82 653 884 725; baseline 0.002 -19"><span class='ocrx_word' id='word_1_43' title='bbox 82 671 208 722; x_wconf 72' lang='lat' dir='ltr'><strong><em>praesent</em></strong></span> <span class='ocrx_word' id='word_1_44' title='bbox 218 656 301 707; x_wconf 84' lang='lat' dir='ltr'><strong><em>morit</em></strong></span> <span class='ocrx_word' id='word_1_45' title='bbox 313 656 434 725; x_wconf 83' lang='lat' dir='ltr'><strong><em>affectio.</em></strong></span> <span class='ocrx_word' id='word_1_46' title='bbox 473 655 552 708; x_wconf 88' lang='lat' dir='ltr'><strong><em>Modo</em></strong></span> <span class='ocrx_word' id='word_1_47' title='bbox 563 656 669 708; x_wconf 82' lang='lat' dir='ltr'><strong><em>Indiam</em></strong></span> <span class='ocrx_word' id='word_1_48' title='bbox 679 656 754 707; x_wconf 88' lang='lat' dir='ltr'><strong><em>adire</em></strong></span> <span class='ocrx_word' id='word_1_49' title='bbox 764 665 791 708; x_wconf 86' lang='lat' dir='ltr'><strong><em>et</em></strong></span> <span class='ocrx_word' id='word_1_50' title='bbox 801 653 884 708; x_wconf 83' lang='lat' dir='ltr'><strong><em>Orea-</em></strong></span> 
     </span>
     <span class='ocr_line' id='line_1_8' title="bbox 84 722 928 791; baseline 0.004 -19"><span class='ocrx_word' id='word_1_51' title='bbox 84 739 146 772; x_wconf 88' lang='lat' dir='ltr'><strong><em>num</em></strong></span> <span class='ocrx_word' id='word_1_52' title='bbox 165 722 243 784; x_wconf 79' lang='lat' dir='ltr'><strong><em>ritu,-</em></strong></span> <span class='ocrx_word' id='word_1_53' title='bbox 262 725 339 776; x_wconf 86' lang='lat' dir='ltr'><strong><em>modo</em></strong></span> <span class='ocrx_word' id='word_1_54' title='bbox 359 723 503 791; x_wconf 79' lang='lat' dir='ltr'><strong><em>coniugum</em></strong></span> <span class='ocrx_word' id='word_1_55' title='bbox 523 732 551 774; x_wconf 91' lang='lat' dir='ltr'><strong><em>et</em></strong></span> <span class='ocrx_word' id='word_1_56' title='bbox 568 723 712 774; x_wconf 77' lang='lat' dir='ltr'><strong><em>liberorum</em></strong></span> <span class='ocrx_word' id='word_1_57' title='bbox 727 722 886 790; x_wconf 75' lang='lat' dir='ltr'><strong><em>patriaeque</em></strong></span> <span class='ocrx_word' id='word_1_58' title='bbox 927 757 928 760; x_wconf 62' lang='lat'><em>=</em></span> 
     </span>
     <span class='ocr_line' id='line_1_9' title="bbox 84 789 943 856; baseline 0 -16"><span class='ocrx_word' id='word_1_59' title='bbox 84 790 211 841; x_wconf 87' lang='lat' dir='ltr'><strong><em>memoria</em></strong></span> <span class='ocrx_word' id='word_1_60' title='bbox 221 791 347 844; x_wconf 79' lang='lat' dir='ltr'><strong><em>occurrit.</em></strong></span> <span class='ocrx_word' id='word_1_61' title='bbox 383 792 425 841; x_wconf 82' lang='lat'><strong><em>25.</em></strong></span> <span class='ocrx_word' id='word_1_62' title='bbox 438 791 491 842; x_wconf 77' lang='lat' dir='ltr'><strong><em>Sed</em></strong></span> <span class='ocrx_word' id='word_1_63' title='bbox 499 791 547 842; x_wconf 78' lang='lat' dir='ltr'><strong><em>liat</em></strong></span> <span class='ocrx_word' id='word_1_64' title='bbox 558 790 745 856; x_wconf 79' lang='lat' dir='ltr'><strong><em>cogitationen,</em></strong></span> <span class='ocrx_word' id='word_1_65' title='bbox 758 791 807 840; x_wconf 79' lang='lat' dir='ltr'><strong><em>leae</em></strong></span> <span class='ocrx_word' id='word_1_66' title='bbox 816 789 887 840; x_wconf 80' lang='lat' dir='ltr'><strong><em>inter</em></strong></span> <span class='ocrx_word' id='word_1_67' title='bbox 940 799 943 803; x_wconf 84' lang='lat'>&#39;</span> 
     </span>
     <span class='ocr_line' id='line_1_10' title="bbox 14 856 887 936; baseline 0.005 -32"><span class='ocrx_word' id='word_1_68' title='bbox 14 901 15 904; x_wconf 76' lang='grc'>,</span> <span class='ocrx_word' id='word_1_69' title='bbox 83 872 109 907; x_wconf 81' lang='lat' dir='ltr'><strong><em>ee</em></strong></span> <span class='ocrx_word' id='word_1_70' title='bbox 124 859 329 924; x_wconf 75' lang='lat' dir='ltr'><strong><em>colloquentium</em></strong></span> <span class='ocrx_word' id='word_1_71' title='bbox 341 874 425 919; x_wconf 82' lang='lat' dir='ltr'><strong><em>noceo,</em></strong></span> <span class='ocrx_word' id='word_1_72' title='bbox 445 857 551 936; x_wconf 60' lang='lat' dir='ltr'><strong><em>tignum</em></strong></span> <span class='ocrx_word' id='word_1_73' title='bbox 571 857 635 927; x_wconf 68' lang='lat' dir='ltr'><strong><em>tuta</em></strong></span> <span class='ocrx_word' id='word_1_74' title='bbox 654 859 744 908; x_wconf 74' lang='lat' dir='ltr'><strong><em>datram</em></strong></span> <span class='ocrx_word' id='word_1_75' title='bbox 757 856 840 927; x_wconf 84' lang='lat' dir='ltr'><strong><em>finit:</em></strong></span> <span class='ocrx_word' id='word_1_76' title='bbox 858 857 887 908; x_wconf 89' lang='lat' dir='ltr'><strong><em>in</em></strong></span> 
     </span>
     <span class='ocr_line' id='line_1_11' title="bbox 14 923 887 993; baseline 0 -19"><span class='ocrx_word' id='word_1_77' title='bbox 14 953 15 960; x_wconf 26' lang='grc' dir='ltr'><strong>κ</strong></span> <span class='ocrx_word' id='word_1_78' title='bbox 82 939 142 974; x_wconf 76' lang='lat' dir='ltr'><strong><em>tuoe</em></strong></span> <span class='ocrx_word' id='word_1_79' title='bbox 153 926 258 977; x_wconf 81' lang='lat' dir='ltr'><strong><em>ordinet</em></strong></span> <span class='ocrx_word' id='word_1_80' title='bbox 273 925 382 993; x_wconf 77' lang='lat' dir='ltr'><strong><em>quiaque</em></strong></span> <span class='ocrx_word' id='word_1_81' title='bbox 397 941 541 989; x_wconf 70' lang='lat' dir='ltr'><strong><em>curremus,</em></strong></span> <span class='ocrx_word' id='word_1_82' title='bbox 561 934 588 976; x_wconf 89' lang='lat' dir='ltr'><strong><em>et</em></strong></span> <span class='ocrx_word' id='word_1_83' title='bbox 600 925 729 992; x_wconf 83' lang='lat' dir='ltr'><strong><em>quidquid</em></strong></span> <span class='ocrx_word' id='word_1_84' title='bbox 739 925 844 977; x_wconf 86' lang='lat' dir='ltr'><strong><em>irarum</em></strong></span> <span class='ocrx_word' id='word_1_85' title='bbox 858 923 887 975; x_wconf 87' lang='lat' dir='ltr'><strong><em>in</em></strong></span> 
     </span>
     <span class='ocr_line' id='line_1_12' title="bbox 83 991 885 1060; baseline -0.001 -18"><span class='ocrx_word' id='word_1_86' title='bbox 83 991 255 1043; x_wconf 79' lang='lat' dir='ltr'><strong><em>tabernaculo</em></strong></span> <span class='ocrx_word' id='word_1_87' title='bbox 266 1002 420 1058; x_wconf 79' lang='lat' dir='ltr'><strong><em>conceptum</em></strong></span> <span class='ocrx_word' id='word_1_88' title='bbox 430 1002 477 1055; x_wconf 83' lang='lat' dir='ltr'><strong><em>eet,</em></strong></span> <span class='ocrx_word' id='word_1_89' title='bbox 487 992 515 1043; x_wconf 90' lang='lat' dir='ltr'><strong><em>in</em></strong></span> <span class='ocrx_word' id='word_1_90' title='bbox 526 991 641 1043; x_wconf 66' lang='lat' dir='ltr'><strong><em>lordum</em></strong></span> <span class='ocrx_word' id='word_1_91' title='bbox 652 991 801 1060; x_wconf 80' lang='lat' dir='ltr'><strong><em>effunditur</em></strong></span> <span class='ocrx_word' id='word_1_92' title='bbox 812 992 885 1058; x_wconf 84' lang='lat' dir='ltr'><strong><em>eapi-</em></strong></span> 
     </span>
     <span class='ocr_line' id='line_1_13' title="bbox 83 1057 886 1128; baseline 0.001 -19"><span class='ocrx_word' id='word_1_93' title='bbox 83 1068 120 1109; x_wconf 85' lang='lat' dir='ltr'><strong><em>ta.</em></strong></span> <span class='ocrx_word' id='word_1_94' title='bbox 155 1057 197 1108; x_wconf 72' lang='lat'><strong><em>26.</em></strong></span> <span class='ocrx_word' id='word_1_95' title='bbox 221 1057 328 1110; x_wconf 85' lang='lat' dir='ltr'><strong><em>Utinam</em></strong></span> <span class='ocrx_word' id='word_1_96' title='bbox 345 1059 467 1111; x_wconf 72' lang='lat' dir='ltr'><strong><em>Philotae</em></strong></span> <span class='ocrx_word' id='word_1_97' title='bbox 482 1075 585 1128; x_wconf 88' lang='lat' dir='ltr'><strong><em>quoque</em></strong></span> <span class='ocrx_word' id='word_1_98' title='bbox 598 1059 672 1111; x_wconf 88' lang='lat' dir='ltr'><strong><em>intra</em></strong></span> <span class='ocrx_word' id='word_1_99' title='bbox 687 1059 766 1111; x_wconf 81' lang='lat' dir='ltr'><strong><em>verto</em></strong></span> <span class='ocrx_word' id='word_1_100' title='bbox 777 1075 886 1126; x_wconf 76' lang='lat' dir='ltr'><strong><em>peecat-</em></strong></span> 
     </span>
     <span class='ocr_line' id='line_1_14' title="bbox 81 1125 885 1208; baseline 0 -31"><span class='ocrx_word' id='word_1_101' title='bbox 81 1127 138 1177; x_wconf 84' lang='lat' dir='ltr'><strong><em>ret!</em></strong></span> <span class='ocrx_word' id='word_1_102' title='bbox 157 1125 276 1178; x_wconf 80' lang='lat' dir='ltr'><strong><em>Proinde</em></strong></span> <span class='ocrx_word' id='word_1_103' title='bbox 289 1128 326 1177; x_wconf 91' lang='lat' dir='ltr'><strong><em>od</em></strong></span> <span class='ocrx_word' id='word_1_104' title='bbox 335 1127 365 1177; x_wconf 92' lang='lat' dir='ltr'><strong><em>id</em></strong></span> <span class='ocrx_word' id='word_1_105' title='bbox 382 1137 510 1190; x_wconf 87' lang='lat' dir='ltr'><strong><em>reuertar,</em></strong></span> <span class='ocrx_word' id='word_1_106' title='bbox 529 1136 641 1194; x_wconf 83' lang='lat' dir='ltr'><strong><em>propter</em></strong></span> <span class='ocrx_word' id='word_1_107' title='bbox 656 1129 728 1208; x_wconf 88' lang='lat' dir='ltr'><strong><em>quod</em></strong></span> <span class='ocrx_word' id='word_1_108' title='bbox 740 1127 885 1178; x_wconf 81' lang='lat' dir='ltr'><strong><em>reioumur.</em></strong></span> 
     </span>
     <span class='ocr_line' id='line_1_15' title="bbox 82 1193 884 1264; baseline 0.002 -20"><span class='ocrx_word' id='word_1_109' title='bbox 82 1193 248 1254; x_wconf 80' lang='lat' dir='ltr'><strong><em>Amicitiam,</em></strong></span> <span class='ocrx_word' id='word_1_110' title='bbox 269 1211 336 1260; x_wconf 88' lang='lat' dir='ltr'><strong><em>quae</em></strong></span> <span class='ocrx_word' id='word_1_111' title='bbox 347 1195 422 1246; x_wconf 79' lang='lat' dir='ltr'><strong><em>nobie</em></strong></span> <span class='ocrx_word' id='word_1_112' title='bbox 433 1210 492 1246; x_wconf 87' lang='lat' dir='ltr'><strong><em>cum</em></strong></span> <span class='ocrx_word' id='word_1_113' title='bbox 500 1194 683 1264; x_wconf 83' lang='lat' dir='ltr'><strong><em>Pleilotufurt,</em></strong></span> <span class='ocrx_word' id='word_1_114' title='bbox 703 1196 768 1246; x_wconf 89' lang='lat' dir='ltr'><strong><em>odeo</em></strong></span> <span class='ocrx_word' id='word_1_115' title='bbox 786 1211 839 1246; x_wconf 90' lang='lat' dir='ltr'><strong><em>non</em></strong></span> <span class='ocrx_word' id='word_1_116' title='bbox 854 1211 884 1246; x_wconf 92' lang='lat' dir='ltr'><strong><em>eo</em></strong></span> 
     </span>
     <span class='ocr_line' id='line_1_16' title="bbox 80 1261 885 1332; baseline 0 -18"><span class='ocrx_word' id='word_1_117' title='bbox 80 1261 192 1330; x_wconf 85' lang='lat' dir='ltr'><strong><em>infitior,</em></strong></span> <span class='ocrx_word' id='word_1_118' title='bbox 204 1269 234 1312; x_wconf 89' lang='lat' dir='ltr'><strong><em>ut</em></strong></span> <span class='ocrx_word' id='word_1_119' title='bbox 243 1261 368 1328; x_wconf 81' lang='lat' dir='ltr'><strong><em>expetiere</em></strong></span> <span class='ocrx_word' id='word_1_120' title='bbox 397 1279 482 1330; x_wconf 90' lang='lat' dir='ltr'><strong><em>noque</em></strong></span> <span class='ocrx_word' id='word_1_121' title='bbox 494 1279 554 1326; x_wconf 83' lang='lat' dir='ltr'><strong><em>nor,</em></strong></span> <span class='ocrx_word' id='word_1_122' title='bbox 567 1280 730 1330; x_wconf 78' lang='lat' dir='ltr'><strong><em>magnooqne</em></strong></span> <span class='ocrx_word' id='word_1_123' title='bbox 739 1279 772 1315; x_wconf 84' lang='lat' dir='ltr'><strong><em>en</em></strong></span> <span class='ocrx_word' id='word_1_124' title='bbox 783 1263 885 1332; x_wconf 75' lang='lat' dir='ltr'><strong><em>eastu-</em></strong></span> 
     </span>
     <span class='ocr_line' id='line_1_17' title="bbox 83 1280 884 1399; baseline 0.002 -19"><span class='ocrx_word' id='word_1_125' title='bbox 83 1339 141 1380; x_wconf 84' lang='lat' dir='ltr'><strong><em>ctur</em></strong></span> <span class='ocrx_word' id='word_1_126' title='bbox 156 1329 306 1395; x_wconf 71' lang='lat' dir='ltr'><strong><em>percopiose</em></strong></span> <span class='ocrx_word' id='word_1_127' title='bbox 323 1280 462 1399; x_wconf 59' lang='lat' dir='ltr'><strong><em>conitenr.</em></strong></span> <span class='ocrx_word' id='word_1_128' title='bbox 494 1333 535 1380; x_wconf 67' lang='lat'><strong><em>27.</em></strong></span> <span class='ocrx_word' id='word_1_129' title='bbox 556 1331 599 1382; x_wconf 77' lang='lat' dir='ltr'><strong><em>An</em></strong></span> <span class='ocrx_word' id='word_1_130' title='bbox 615 1347 675 1382; x_wconf 87' lang='lat' dir='ltr'><strong><em>vero</em></strong></span> <span class='ocrx_word' id='word_1_131' title='bbox 687 1330 884 1392; x_wconf 71' lang='lat' dir='ltr'><strong><em>Parmenionis,</em></strong></span> 
     </span>
     <span class='ocr_line' id='line_1_18' title="bbox 83 1395 885 1466; baseline 0.006 -21"><span class='ocrx_word' id='word_1_132' title='bbox 83 1412 159 1464; x_wconf 88' lang='lat' dir='ltr'><strong><em>quem</em></strong></span> <span class='ocrx_word' id='word_1_133' title='bbox 170 1395 375 1463; x_wconf 81' lang='lat' dir='ltr'><strong><em>tiiipronimum</em></strong></span> <span class='ocrx_word' id='word_1_134' title='bbox 386 1414 440 1449; x_wconf 82' lang='lat' dir='ltr'><strong><em>erre</em></strong></span> <span class='ocrx_word' id='word_1_135' title='bbox 453 1398 567 1460; x_wconf 77' lang='lat' dir='ltr'><strong><em>noluisti,</em></strong></span> <span class='ocrx_word' id='word_1_136' title='bbox 580 1399 680 1466; x_wconf 81' lang='lat' dir='ltr'><strong><em>silium,</em></strong></span> <span class='ocrx_word' id='word_1_137' title='bbox 701 1416 790 1451; x_wconf 72' lang='lat' dir='ltr'><strong><em>ornnes</em></strong></span> <span class='ocrx_word' id='word_1_138' title='bbox 800 1415 885 1466; x_wconf 86' lang='lat' dir='ltr'><strong><em>poene</em></strong></span> 
     </span>
     <span class='ocr_line' id='line_1_19' title="bbox 80 1462 886 1530; baseline 0.004 -16"><span class='ocrx_word' id='word_1_139' title='bbox 80 1462 183 1514; x_wconf 70' lang='lat' dir='ltr'><strong><em>amicos</em></strong></span> <span class='ocrx_word' id='word_1_140' title='bbox 194 1473 253 1514; x_wconf 83' lang='lat' dir='ltr'><strong><em>tuor</em></strong></span> <span class='ocrx_word' id='word_1_141' title='bbox 264 1465 420 1530; x_wconf 73' lang='lat' dir='ltr'><strong><em>dignatione</em></strong></span> <span class='ocrx_word' id='word_1_142' title='bbox 431 1465 589 1526; x_wconf 82' lang='lat' dir='ltr'><strong><em>uincentem,</em></strong></span> <span class='ocrx_word' id='word_1_143' title='bbox 610 1469 708 1517; x_wconf 82' lang='lat' dir='ltr'><strong><em>tultum</em></strong></span> <span class='ocrx_word' id='word_1_144' title='bbox 719 1483 735 1518; x_wconf 90' lang='lat' dir='ltr'><strong><em>u</em></strong></span> <span class='ocrx_word' id='word_1_145' title='bbox 746 1467 820 1518; x_wconf 83' lang='lat' dir='ltr'><strong><em>nolio</em></strong></span> <span class='ocrx_word' id='word_1_146' title='bbox 832 1482 886 1517; x_wconf 79' lang='lat' dir='ltr'><strong><em>eree</em></strong></span> 
     </span>
     <span class='ocr_line' id='line_1_20' title="bbox 82 1528 884 1594; baseline 0.005 -14"><span class='ocrx_word' id='word_1_147' title='bbox 82 1530 208 1581; x_wconf 76' lang='lat' dir='ltr'><strong><em>miraris?</em></strong></span> <span class='ocrx_word' id='word_1_148' title='bbox 242 1533 283 1581; x_wconf 77' lang='lat'><strong><em>28.</em></strong></span> <span class='ocrx_word' id='word_1_149' title='bbox 305 1528 346 1581; x_wconf 84' lang='lat' dir='ltr'><strong><em>Tu</em></strong></span> <span class='ocrx_word' id='word_1_150' title='bbox 365 1532 480 1593; x_wconf 82' lang='lat' dir='ltr'><strong><em>leercule,</em></strong></span> <span class='ocrx_word' id='word_1_151' title='bbox 498 1533 522 1582; x_wconf 84' lang='lat' dir='ltr'><strong><em>ri</em></strong></span> <span class='ocrx_word' id='word_1_152' title='bbox 540 1549 629 1582; x_wconf 79' lang='lat' dir='ltr'><strong><em>verton</em></strong></span> <span class='ocrx_word' id='word_1_153' title='bbox 649 1533 742 1584; x_wconf 86' lang='lat' dir='ltr'><strong><em>audire</em></strong></span> <span class='ocrx_word' id='word_1_154' title='bbox 761 1533 808 1593; x_wconf 85' lang='lat' dir='ltr'><strong><em>oie,</em></strong></span> <span class='ocrx_word' id='word_1_155' title='bbox 828 1549 884 1594; x_wconf 82' lang='lat' dir='ltr'><strong><em>rex,</em></strong></span> 
     </span>
     <span class='ocr_line' id='line_1_21' title="bbox 83 1597 885 1666; baseline -0.002 -16"><span class='ocrx_word' id='word_1_156' title='bbox 83 1598 163 1650; x_wconf 77' lang='lat' dir='ltr'><strong><em>letoius</em></strong></span> <span class='ocrx_word' id='word_1_157' title='bbox 174 1597 248 1647; x_wconf 78' lang='lat' dir='ltr'><strong><em>nolit</em></strong></span> <span class='ocrx_word' id='word_1_158' title='bbox 255 1597 370 1662; x_wconf 81' lang='lat' dir='ltr'><strong><em>periculi</em></strong></span> <span class='ocrx_word' id='word_1_159' title='bbox 380 1614 461 1648; x_wconf 82' lang='lat' dir='ltr'><strong><em>caetra</em></strong></span> <span class='ocrx_word' id='word_1_160' title='bbox 471 1615 505 1649; x_wconf 83' lang='lat' dir='ltr'><strong><em>ee.</em></strong></span> <span class='ocrx_word' id='word_1_161' title='bbox 544 1598 609 1661; x_wconf 85' lang='lat' dir='ltr'><strong><em>Qnio</em></strong></span> <span class='ocrx_word' id='word_1_162' title='bbox 620 1599 689 1649; x_wconf 86' lang='lat' dir='ltr'><strong><em>enirn</em></strong></span> <span class='ocrx_word' id='word_1_163' title='bbox 705 1601 772 1650; x_wconf 84' lang='lat' dir='ltr'><strong><em>aliur</em></strong></span> <span class='ocrx_word' id='word_1_164' title='bbox 786 1599 885 1666; x_wconf 81' lang='lat' dir='ltr'><strong><em>effecit,</em></strong></span> 
     </span>
     <span class='ocr_line' id='line_1_22' title="bbox 80 1663 886 1730; baseline -0.001 -14"><span class='ocrx_word' id='word_1_165' title='bbox 80 1675 115 1716; x_wconf 88' lang='lat' dir='ltr'><strong><em>ut</em></strong></span> <span class='ocrx_word' id='word_1_166' title='bbox 124 1665 162 1716; x_wconf 92' lang='lat' dir='ltr'><strong><em>ad</em></strong></span> <span class='ocrx_word' id='word_1_167' title='bbox 170 1663 304 1714; x_wconf 83' lang='lat' dir='ltr'><strong><em>Pleilotam</em></strong></span> <span class='ocrx_word' id='word_1_168' title='bbox 316 1665 546 1730; x_wconf 86' lang='lat' dir='ltr'><strong><em>decurrerent,qui</em></strong></span> <span class='ocrx_word' id='word_1_169' title='bbox 552 1667 658 1730; x_wconf 76' lang='lat' dir='ltr'><strong><em>plaeere</em></strong></span> <span class='ocrx_word' id='word_1_170' title='bbox 669 1668 762 1717; x_wconf 84' lang='lat' dir='ltr'><strong><em>vellent</em></strong></span> <span class='ocrx_word' id='word_1_171' title='bbox 772 1665 837 1716; x_wconf 70' lang='lat' dir='ltr'><strong><em>sitit</em></strong></span> <span class='ocrx_word' id='word_1_172' title='bbox 846 1665 886 1715; x_wconf 81' lang='lat' dir='ltr'><strong><em>nt</em></strong></span> 
     </span>
     <span class='ocr_line' id='line_1_23' title="bbox 82 1730 886 1798; baseline -0.002 -14"><span class='ocrx_word' id='word_1_173' title='bbox 82 1734 127 1784; x_wconf 86' lang='lat' dir='ltr'><strong><em>illo</em></strong></span> <span class='ocrx_word' id='word_1_174' title='bbox 150 1730 247 1783; x_wconf 84' lang='lat' dir='ltr'><strong><em>traditi</em></strong></span> <span class='ocrx_word' id='word_1_175' title='bbox 265 1733 302 1782; x_wconf 92' lang='lat' dir='ltr'><strong><em>nd</em></strong></span> <span class='ocrx_word' id='word_1_176' title='bbox 315 1730 385 1782; x_wconf 77' lang='lat' dir='ltr'><strong><em>leuno</em></strong></span> <span class='ocrx_word' id='word_1_177' title='bbox 398 1732 514 1798; x_wconf 79' lang='lat' dir='ltr'><strong><em>gradum</em></strong></span> <span class='ocrx_word' id='word_1_178' title='bbox 530 1731 664 1783; x_wconf 80' lang='lat' dir='ltr'><strong><em>amicitiae</em></strong></span> <span class='ocrx_word' id='word_1_179' title='bbox 679 1741 741 1783; x_wconf 88' lang='lat' dir='ltr'><strong><em>luae</em></strong></span> <span class='ocrx_word' id='word_1_180' title='bbox 751 1732 886 1784; x_wconf 77' lang='lat' dir='ltr'><strong><em>adscendi·</em></strong></span> 
     </span>
     <span class='ocr_line' id='line_1_24' title="bbox 14 1797 887 1868; baseline -0.001 -18"><span class='ocrx_word' id='word_1_181' title='bbox 14 1803 15 1808; x_wconf 77' lang='grc'>’</span> <span class='ocrx_word' id='word_1_182' title='bbox 83 1816 149 1851; x_wconf 78' lang='lat' dir='ltr'><strong><em>neue.</em></strong></span> <span class='ocrx_word' id='word_1_183' title='bbox 186 1797 214 1849; x_wconf 84' lang='lat' dir='ltr'><strong><em>le</em></strong></span> <span class='ocrx_word' id='word_1_184' title='bbox 225 1799 297 1865; x_wconf 86' lang='lat' dir='ltr'><strong><em>apud</em></strong></span> <span class='ocrx_word' id='word_1_185' title='bbox 305 1808 330 1850; x_wconf 92' lang='lat' dir='ltr'><strong><em>te</em></strong></span> <span class='ocrx_word' id='word_1_186' title='bbox 331 1797 407 1868; x_wconf 79' lang='lat' dir='ltr'><strong><em>fuit,</em></strong></span> <span class='ocrx_word' id='word_1_187' title='bbox 422 1797 496 1850; x_wconf 78' lang='lat' dir='ltr'><strong><em>cuius</em></strong></span> <span class='ocrx_word' id='word_1_188' title='bbox 504 1798 625 1865; x_wconf 73' lang='lat' dir='ltr'><strong><em>gratiam</em></strong></span> <span class='ocrx_word' id='word_1_189' title='bbox 636 1809 769 1866; x_wconf 80' lang='lat' dir='ltr'><strong><em>expetere,</em></strong></span> <span class='ocrx_word' id='word_1_190' title='bbox 781 1808 807 1849; x_wconf 91' lang='lat' dir='ltr'><strong><em>et</em></strong></span> <span class='ocrx_word' id='word_1_191' title='bbox 817 1799 887 1849; x_wconf 90' lang='lat' dir='ltr'><strong><em>irarn</em></strong></span> 
     </span>
     <span class='ocr_line' id='line_1_25' title="bbox 83 1865 886 1933; baseline -0.004 -14"><span class='ocrx_word' id='word_1_192' title='bbox 83 1869 177 1920; x_wconf 85' lang='lat' dir='ltr'><strong><em>tirnere</em></strong></span> <span class='ocrx_word' id='word_1_193' title='bbox 183 1883 327 1933; x_wconf 72' lang='lat' dir='ltr'><strong><em>potiemur.</em></strong></span> <span class='ocrx_word' id='word_1_194' title='bbox 364 1869 405 1918; x_wconf 77' lang='lat'><strong><em>29.</em></strong></span> <span class='ocrx_word' id='word_1_195' title='bbox 417 1866 460 1917; x_wconf 77' lang='lat' dir='ltr'><strong><em>Au</em></strong></span> <span class='ocrx_word' id='word_1_196' title='bbox 471 1882 522 1916; x_wconf 85' lang='lat' dir='ltr'><strong><em>non</em></strong></span> <span class='ocrx_word' id='word_1_197' title='bbox 531 1867 721 1933; x_wconf 86' lang='lat' dir='ltr'><strong><em>propemodum</em></strong></span> <span class='ocrx_word' id='word_1_198' title='bbox 732 1865 760 1916; x_wconf 88' lang='lat' dir='ltr'><strong><em>in</em></strong></span> <span class='ocrx_word' id='word_1_199' title='bbox 773 1875 820 1916; x_wconf 87' lang='lat' dir='ltr'><strong><em>tua</em></strong></span> <span class='ocrx_word' id='word_1_200' title='bbox 830 1881 886 1916; x_wconf 87' lang='lat' dir='ltr'><strong><em>aer·</em></strong></span> 
     </span>
     <span class='ocr_line' id='line_1_26' title="bbox 83 1932 886 2001; baseline -0.005 -13"><span class='ocrx_word' id='word_1_201' title='bbox 83 1937 118 1988; x_wconf 74' lang='lat' dir='ltr'><strong><em>ia</em></strong></span> <span class='ocrx_word' id='word_1_202' title='bbox 129 1934 171 1986; x_wconf 91' lang='lat' dir='ltr'><strong><em>tui</em></strong></span> <span class='ocrx_word' id='word_1_203' title='bbox 180 1950 268 1985; x_wconf 80' lang='lat' dir='ltr'><strong><em>oroneo</em></strong></span> <span class='ocrx_word' id='word_1_204' title='bbox 280 1944 305 1986; x_wconf 89' lang='lat' dir='ltr'><strong><em>te</em></strong></span> <span class='ocrx_word' id='word_1_205' title='bbox 311 1943 457 2001; x_wconf 86' lang='lat' dir='ltr'><strong><em>praeeunte</em></strong></span> <span class='ocrx_word' id='word_1_206' title='bbox 467 1932 621 1994; x_wconf 71' lang='lat' dir='ltr'><strong><em>iuravimus,</em></strong></span> <span class='ocrx_word' id='word_1_207' title='bbox 629 1934 730 1984; x_wconf 83' lang='lat' dir='ltr'><strong><em>eordern</em></strong></span> <span class='ocrx_word' id='word_1_208' title='bbox 742 1950 789 1984; x_wconf 81' lang='lat' dir='ltr'><strong><em>nor</em></strong></span> <span class='ocrx_word' id='word_1_209' title='bbox 798 1932 886 1984; x_wconf 86' lang='lat' dir='ltr'><strong><em>inimi-</em></strong></span> 
     </span>
     <span class='ocr_line' id='line_1_27' title="bbox 81 1999 887 2068; baseline -0.006 -12"><span class='ocrx_word' id='word_1_210' title='bbox 81 2021 128 2056; x_wconf 83' lang='lat' dir='ltr'><strong><em>coo</em></strong></span> <span class='ocrx_word' id='word_1_211' title='bbox 139 2001 290 2068; x_wconf 80' lang='lat' dir='ltr'><strong><em>amicaeque</em></strong></span> <span class='ocrx_word' id='word_1_212' title='bbox 301 2001 439 2054; x_wconf 73' lang='lat' dir='ltr'><strong><em>habituros</em></strong></span> <span class='ocrx_word' id='word_1_213' title='bbox 450 2017 513 2062; x_wconf 79' lang='lat' dir='ltr'><strong><em>este,</em></strong></span> <span class='ocrx_word' id='word_1_214' title='bbox 521 2018 585 2068; x_wconf 84' lang='lat' dir='ltr'><strong><em>quoe</em></strong></span> <span class='ocrx_word' id='word_1_215' title='bbox 596 2011 624 2051; x_wconf 88' lang='lat' dir='ltr'><strong><em>tu</em></strong></span> <span class='ocrx_word' id='word_1_216' title='bbox 635 2001 764 2053; x_wconf 74' lang='lat' dir='ltr'><strong><em>liaberet?</em></strong></span> <span class='ocrx_word' id='word_1_217' title='bbox 777 1999 836 2052; x_wconf 83' lang='lat' dir='ltr'><strong><em>Hoc</em></strong></span> <span class='ocrx_word' id='word_1_218' title='bbox 845 2016 887 2051; x_wconf 79' lang='lat' dir='ltr'><strong><em>ta-</em></strong></span> 
     </span>
     <span class='ocr_line' id='line_1_28' title="bbox 80 2069 887 2136; baseline -0.005 -13"><span class='ocrx_word' id='word_1_219' title='bbox 80 2079 221 2123; x_wconf 81' lang='lat' dir='ltr'><strong><em>crarnento</em></strong></span> <span class='ocrx_word' id='word_1_220' title='bbox 229 2069 472 2136; x_wconf 81' lang='lat' dir='ltr'><strong><em>pietatirolotrirti</em></strong></span> <span class='ocrx_word' id='word_1_221' title='bbox 480 2085 665 2120; x_wconf 73' lang='lat' dir='ltr'><strong><em>aversaremur</em></strong></span> <span class='ocrx_word' id='word_1_222' title='bbox 677 2069 789 2131; x_wconf 82' lang='lat' dir='ltr'><strong><em>erilroet,</em></strong></span> <span class='ocrx_word' id='word_1_223' title='bbox 811 2084 887 2136; x_wconf 84' lang='lat' dir='ltr'><strong><em>quern</em></strong></span> 
     </span>
     <span class='ocr_line' id='line_1_29' title="bbox 14 2136 886 2207; baseline -0.006 -17"><span class='ocrx_word' id='word_1_224' title='bbox 14 2141 15 2154; x_wconf 64' lang='lat'>¹</span> <span class='ocrx_word' id='word_1_225' title='bbox 82 2149 112 2190; x_wconf 87' lang='lat' dir='ltr'><strong><em>tu</em></strong></span> <span class='ocrx_word' id='word_1_226' title='bbox 124 2137 243 2188; x_wconf 79' lang='lat' dir='ltr'><strong><em>ornnilut</em></strong></span> <span class='ocrx_word' id='word_1_227' title='bbox 251 2137 442 2207; x_wconf 79' lang='lat' dir='ltr'><strong><em>praeferebar?</em></strong></span> <span class='ocrx_word' id='word_1_228' title='bbox 476 2139 518 2190; x_wconf 75' lang='lat'><strong><em>3⁰.</em></strong></span> <span class='ocrx_word' id='word_1_229' title='bbox 536 2136 626 2203; x_wconf 71' lang='lat' dir='ltr'><strong><em>igitur</em></strong></span> <span class='ocrx_word' id='word_1_230' title='bbox 635 2136 659 2189; x_wconf 82' lang='lat' dir='ltr'><strong><em>ei</em></strong></span> <span class='ocrx_word' id='word_1_231' title='bbox 668 2137 719 2189; x_wconf 82' lang='lat' dir='ltr'><strong><em>leoe</em></strong></span> <span class='ocrx_word' id='word_1_232' title='bbox 730 2137 828 2188; x_wconf 85' lang='lat' dir='ltr'><strong><em>crimen</em></strong></span> <span class='ocrx_word' id='word_1_233' title='bbox 840 2145 886 2198; x_wconf 83' lang='lat' dir='ltr'><strong><em>ert,</em></strong></span> 
     </span>
     <span class='ocr_line' id='line_1_30' title="bbox 14 2203 888 2275; baseline 0.003 -20"><span class='ocrx_word' id='word_1_234' title='bbox 14 2265 15 2274; x_wconf 19' lang='lat' dir='ltr'><strong><em>q</em></strong></span> <span class='ocrx_word' id='word_1_235' title='bbox 76 2221 183 2275; x_wconf 75' lang='lat' dir='ltr'><strong><em>paucae</em></strong></span> <span class='ocrx_word' id='word_1_236' title='bbox 211 2204 365 2256; x_wconf 83' lang='lat' dir='ltr'><strong><em>innocenter</em></strong></span> <span class='ocrx_word' id='word_1_237' title='bbox 393 2203 482 2265; x_wconf 73' lang='lat' dir='ltr'><strong><em>liabeo,</em></strong></span> <span class='ocrx_word' id='word_1_238' title='bbox 510 2205 590 2255; x_wconf 80' lang='lat' dir='ltr'><strong><em>inenro</em></strong></span> <span class='ocrx_word' id='word_1_239' title='bbox 619 2205 724 2257; x_wconf 80' lang='lat' dir='ltr'><strong><em>ltero&#39;ule</em></strong></span> <span class='ocrx_word' id='word_1_240' title='bbox 752 2203 888 2258; x_wconf 84' lang='lat' dir='ltr'><strong><em>neminem.</em></strong></span> 
     </span>
     <span class='ocr_line' id='line_1_31' title="bbox 14 2271 886 2335; baseline 0.001 -13"><span class='ocrx_word' id='word_1_241' title='bbox 14 2305 15 2322; x_wconf 60' lang='lat'>2</span> <span class='ocrx_word' id='word_1_242' title='bbox 84 2271 183 2326; x_wconf 76' lang='lat' dir='ltr'><strong><em>Oneum</em></strong></span> <span class='ocrx_word' id='word_1_243' title='bbox 203 2273 271 2324; x_wconf 87' lang='lat' dir='ltr'><strong><em>enirn</em></strong></span> <span class='ocrx_word' id='word_1_244' title='bbox 289 2271 412 2322; x_wconf 80' lang='lat' dir='ltr'><strong><em>Ploilotue</em></strong></span> <span class='ocrx_word' id='word_1_245' title='bbox 427 2271 508 2322; x_wconf 86' lang='lat' dir='ltr'><strong><em>arniei</em></strong></span> <span class='ocrx_word' id='word_1_246' title='bbox 523 2289 577 2324; x_wconf 82' lang='lat' dir='ltr'><strong><em>erre</em></strong></span> <span class='ocrx_word' id='word_1_247' title='bbox 596 2275 747 2324; x_wconf 72' lang='lat' dir='ltr'><strong><em>nutrierunt:</em></strong></span> <span class='ocrx_word' id='word_1_248' title='bbox 768 2271 886 2335; x_wconf 88' lang='lat' dir='ltr'><strong><em>lotidem,</em></strong></span> 
     </span>
     <span class='ocr_line' id='line_1_32' title="bbox 14 2339 887 2410; baseline 0.002 -20"><span class='ocrx_word' id='word_1_249' title='bbox 14 2357 15 2380; x_wconf 52' lang='lat' dir='ltr'><strong><em>o</em></strong></span> <span class='ocrx_word' id='word_1_250' title='bbox 83 2348 152 2410; x_wconf 85' lang='lat' dir='ltr'><strong><em>quot</em></strong></span> <span class='ocrx_word' id='word_1_251' title='bbox 168 2341 297 2400; x_wconf 74' lang='lat' dir='ltr'><strong><em>volebant,</em></strong></span> <span class='ocrx_word' id='word_1_252' title='bbox 319 2356 372 2390; x_wconf 82' lang='lat' dir='ltr'><strong><em>erre</em></strong></span> <span class='ocrx_word' id='word_1_253' title='bbox 390 2355 444 2390; x_wconf 84' lang='lat' dir='ltr'><strong><em>nou</em></strong></span> <span class='ocrx_word' id='word_1_254' title='bbox 462 2347 597 2406; x_wconf 85' lang='lat' dir='ltr'><strong><em>poterant.</em></strong></span> <span class='ocrx_word' id='word_1_255' title='bbox 636 2339 680 2391; x_wconf 88' lang='lat' dir='ltr'><strong><em>lto</em></strong></span> <span class='ocrx_word' id='word_1_256' title='bbox 698 2341 723 2391; x_wconf 83' lang='lat' dir='ltr'><strong><em>ri</em></strong></span> <span class='ocrx_word' id='word_1_257' title='bbox 741 2356 757 2390; x_wconf 91' lang='lat' dir='ltr'><strong><em>a</em></strong></span> <span class='ocrx_word' id='word_1_258' title='bbox 776 2339 887 2392; x_wconf 62' lang='lat' dir='ltr'><strong><em>conenit</em></strong></span> 
     </span>
     <span class='ocr_line' id='line_1_33' title="bbox 81 2405 886 2474; baseline 0 -15"><span class='ocrx_word' id='word_1_259' title='bbox 81 2408 186 2460; x_wconf 71' lang='lat' dir='ltr'><strong><em>amieo·</em></strong></span> <span class='ocrx_word' id='word_1_260' title='bbox 196 2423 248 2458; x_wconf 89' lang='lat' dir='ltr'><strong><em>non</em></strong></span> <span class='ocrx_word' id='word_1_261' title='bbox 260 2406 361 2466; x_wconf 82' lang='lat' dir='ltr'><strong><em>diridie,</em></strong></span> <span class='ocrx_word' id='word_1_262' title='bbox 373 2423 405 2458; x_wconf 93' lang='lat' dir='ltr'><strong><em>ne</em></strong></span> <span class='ocrx_word' id='word_1_263' title='bbox 416 2406 449 2456; x_wconf 83' lang='lat' dir='ltr'><strong><em>ab</em></strong></span> <span class='ocrx_word' id='word_1_264' title='bbox 459 2405 550 2456; x_wconf 86' lang='lat' dir='ltr'><strong><em>arnioie</em></strong></span> <span class='ocrx_word' id='word_1_265' title='bbox 562 2407 664 2474; x_wconf 86' lang='lat' dir='ltr'><strong><em>quidem</em></strong></span> <span class='ocrx_word' id='word_1_266' title='bbox 675 2407 810 2474; x_wconf 77' lang='lat' dir='ltr'><strong><em>reparatio</em></strong></span> <span class='ocrx_word' id='word_1_267' title='bbox 820 2406 886 2471; x_wconf 79' lang='lat' dir='ltr'><strong><em>ilion,</em></strong></span> 
     </span>
     <span class='ocr_line' id='line_1_34' title="bbox 79 2472 886 2544; baseline 0.007 -24"><span class='ocrx_word' id='word_1_268' title='bbox 79 2476 132 2544; x_wconf 80' lang='lat' dir='ltr'><strong><em>qui</em></strong></span> <span class='ocrx_word' id='word_1_269' title='bbox 141 2474 210 2524; x_wconf 84' lang='lat' dir='ltr'><strong><em>idern</em></strong></span> <span class='ocrx_word' id='word_1_270' title='bbox 220 2491 273 2526; x_wconf 82' lang='lat' dir='ltr'><strong><em>erre</em></strong></span> <span class='ocrx_word' id='word_1_271' title='bbox 283 2477 432 2526; x_wconf 82' lang='lat' dir='ltr'><strong><em>voluerunt.</em></strong></span> <span class='ocrx_word' id='word_1_272' title='bbox 468 2475 509 2526; x_wconf 83' lang='lat'><strong><em>31.</em></strong></span> <span class='ocrx_word' id='word_1_273' title='bbox 526 2472 606 2537; x_wconf 84' lang='lat' dir='ltr'><strong><em>Quod</em></strong></span> <span class='ocrx_word' id='word_1_274' title='bbox 614 2474 699 2541; x_wconf 78' lang='lat' dir='ltr'><strong><em>igitar</em></strong></span> <span class='ocrx_word' id='word_1_275' title='bbox 710 2475 886 2526; x_wconf 76' lang='lat' dir='ltr'><strong><em>eonscientiae</em></strong></span> 
     </span>
     <span class='ocr_line' id='line_1_35' title="bbox 81 2541 887 2621; baseline -0.004 -26"><span class='ocrx_word' id='word_1_276' title='bbox 81 2541 204 2612; x_wconf 85' lang='lat' dir='ltr'><strong><em>affertur</em></strong></span> <span class='ocrx_word' id='word_1_277' title='bbox 213 2541 356 2593; x_wconf 81' lang='lat' dir='ltr'><strong><em>indicium?</em></strong></span> <span class='ocrx_word' id='word_1_278' title='bbox 383 2541 419 2593; x_wconf 87' lang='lat' dir='ltr'><strong><em>Ut</em></strong></span> <span class='ocrx_word' id='word_1_279' title='bbox 429 2541 533 2608; x_wconf 86' lang='lat' dir='ltr'><strong><em>opinor,</em></strong></span> <span class='ocrx_word' id='word_1_280' title='bbox 546 2541 608 2621; x_wconf 87' lang='lat' dir='ltr'><strong><em>quia</em></strong></span> <span class='ocrx_word' id='word_1_281' title='bbox 616 2541 704 2608; x_wconf 84' lang='lat' dir='ltr'><strong><em>pridie</em></strong></span> <span class='ocrx_word' id='word_1_282' title='bbox 706 2541 887 2612; x_wconf 85' lang='lat' dir='ltr'><strong><em>faneiliariter</em></strong></span> 
     </span>
     <span class='ocr_line' id='line_1_36' title="bbox 81 2609 888 2678; baseline -0.006 -15"><span class='ocrx_word' id='word_1_283' title='bbox 81 2621 110 2663; x_wconf 91' lang='lat' dir='ltr'><strong><em>et</em></strong></span> <span class='ocrx_word' id='word_1_284' title='bbox 124 2610 182 2662; x_wconf 79' lang='lat' dir='ltr'><strong><em>eine</em></strong></span> <span class='ocrx_word' id='word_1_285' title='bbox 196 2609 305 2661; x_wconf 78' lang='lat' dir='ltr'><strong><em>arbitrio</em></strong></span> <span class='ocrx_word' id='word_1_286' title='bbox 320 2611 423 2661; x_wconf 82' lang='lat' dir='ltr'><strong><em>locutae</em></strong></span> <span class='ocrx_word' id='word_1_287' title='bbox 439 2618 478 2661; x_wconf 84' lang='lat' dir='ltr'><strong><em>eet</em></strong></span> <span class='ocrx_word' id='word_1_288' title='bbox 491 2610 642 2661; x_wconf 79' lang='lat' dir='ltr'><strong><em>nodutum!</em></strong></span> <span class='ocrx_word' id='word_1_289' title='bbox 663 2609 758 2678; x_wconf 76' lang='lat' dir='ltr'><strong><em>drogo</em></strong></span> <span class='ocrx_word' id='word_1_290' title='bbox 765 2625 888 2678; x_wconf 69' lang='lat' dir='ltr'><strong><em>purgare</em></strong></span> 
     </span>
     <span class='ocr_line' id='line_1_37' title="bbox 81 2675 889 2745; baseline -0.002 -16"><span class='ocrx_word' id='word_1_291' title='bbox 81 2695 137 2730; x_wconf 89' lang='lat' dir='ltr'><strong><em>nou</em></strong></span> <span class='ocrx_word' id='word_1_292' title='bbox 146 2694 259 2745; x_wconf 78' lang='lat' dir='ltr'><strong><em>portem,</em></strong></span> <span class='ocrx_word' id='word_1_293' title='bbox 279 2677 302 2727; x_wconf 84' lang='lat' dir='ltr'><strong><em>ri</em></strong></span> <span class='ocrx_word' id='word_1_294' title='bbox 309 2677 395 2743; x_wconf 84' lang='lat' dir='ltr'><strong><em>pridie</em></strong></span> <span class='ocrx_word' id='word_1_295' title='bbox 407 2677 549 2744; x_wconf 82' lang='lat' dir='ltr'><strong><em>quidquam</em></strong></span> <span class='ocrx_word' id='word_1_296' title='bbox 561 2675 593 2729; x_wconf 82' lang='lat' dir='ltr'><strong><em>e&#39;u</em></strong></span> <span class='ocrx_word' id='word_1_297' title='bbox 604 2686 689 2729; x_wconf 82' lang='lat' dir='ltr'><strong><em>uetere</em></strong></span> <span class='ocrx_word' id='word_1_298' title='bbox 699 2677 753 2729; x_wconf 85' lang='lat' dir='ltr'><strong><em>uita</em></strong></span> <span class='ocrx_word' id='word_1_299' title='bbox 768 2693 801 2727; x_wconf 80' lang='lat' dir='ltr'><strong><em>aa</em></strong></span> <span class='ocrx_word' id='word_1_300' title='bbox 814 2691 889 2727; x_wconf 86' lang='lat' dir='ltr'><strong><em>mora</em></strong></span> 
     </span>
     <span class='ocr_line' id='line_1_38' title="bbox 76 2742 875 2812; baseline 0 -16"><span class='ocrx_word' id='word_1_301' title='bbox 76 2756 236 2798; x_wconf 77' lang='lat' dir='ltr'><strong><em>nnntoreern.</em></strong></span> <span class='ocrx_word' id='word_1_302' title='bbox 274 2742 354 2796; x_wconf 83' lang='lat' dir='ltr'><strong><em>Nune</em></strong></span> <span class='ocrx_word' id='word_1_303' title='bbox 363 2761 434 2807; x_wconf 87' lang='lat' dir='ltr'><strong><em>uero,</em></strong></span> <span class='ocrx_word' id='word_1_304' title='bbox 444 2744 474 2806; x_wconf 82' lang='lat' dir='ltr'><strong><em>ri,</em></strong></span> <span class='ocrx_word' id='word_1_305' title='bbox 487 2755 517 2797; x_wconf 86' lang='lat' dir='ltr'><strong><em>ut</em></strong></span> <span class='ocrx_word' id='word_1_306' title='bbox 527 2745 647 2798; x_wconf 81' lang='lat' dir='ltr'><strong><em>onrnilrnt</em></strong></span> <span class='ocrx_word' id='word_1_307' title='bbox 657 2745 756 2808; x_wconf 62' lang='lat' dir='ltr'><strong><em>dieluu</em></strong></span> <span class='ocrx_word' id='word_1_308' title='bbox 767 2744 812 2795; x_wconf 91' lang='lat' dir='ltr'><strong><em>illo</em></strong></span> <span class='ocrx_word' id='word_1_309' title='bbox 824 2759 875 2812; x_wconf 84' lang='lat' dir='ltr'><strong><em>quo</em></strong></span> 
     </span>
    </p>
   </div>
   <div class='ocr_carea' id='block_1_3' title="bbox 0 0 1048 3042">
    <p class='ocr_par' dir='ltr' id='par_1_3' title="bbox 0 0 1048 3042">
     <span class='ocr_line' id='line_1_39' title="bbox 0 0 1048 3042; baseline 0 0"><span class='ocrx_word' id='word_1_310' title='bbox 0 0 1048 3042; x_wconf 95' lang='lat' dir='ltr'><strong><em> </em></strong></span> 
     </span>
    </p>
   </div>
  </div>
 </body>
</html>
