2054 3030
5 165 7 268 p

282 197 432 252 urana
461 199 507 250 ιν.
536 199 630 252 car.
659 201 684 248 τ.
833 193 881 246 1⁵⁷
968 252 975 274 .

6 339 7 342 ,
70 301 145 355 Tum
157 300 323 362 Alexander,
329 299 455 352 videtisne
462 297 625 351 obstinatum
635 301 671 350 ad
679 298 882 351 tacendumiin·

5 407 6 436 3
68 364 881 435 qoirh'nm'genupomttrrrumsuppttcnnmcenmaisma-

69 451 133 490 caru
141 444 232 488 taurea
242 435 442 496 silentiumne
448 435 516 486 nihii
526 435 607 497 aliud,
616 444 686 486 certe
691 433 881 502 gemitaiuter·

5 511 6 528 ³
64 503 187 570 peliatu.
215 504 256 554 29.
277 503 320 554 ira
330 504 431 554 deinde
443 506 527 556 vertit
537 505 565 554 in
575 503 693 563 rabiem,
704 503 757 556 iam
768 509 825 554 tum
836 515 883 569 pe-

67 569 202 636 regrinos
213 571 281 624 ritus
293 586 364 622 nora
372 571 509 624 subeunte
521 571 643 622 fortuna.
661 569 716 619 l'er
725 569 799 624 talos
810 571 883 619 enim

67 637 207 703 spirantis
218 637 278 690 lora
288 640 407 690 traiecta
417 647 495 700 sunt,
511 639 717 704 religatumque
727 635 762 688 ad
773 650 883 686 currum

66 711 184 758 traxere
196 707 271 756 circa
282 706 377 756 urbem
393 708 470 771 equi:
491 706 630 772 gloriante
642 719 722 770 rege,
738 700 882 763 Achillem,

67 787 154 838 aquo
166 787 254 839 genus
266 776 326 840 ipse
337 774 504 832 deduceret,
527 773 662 823 imitatum
677 786 707 822 se
719 783 782 822 esse
793 783 884 836 poena

65 841 96 892 iu
119 837 228 890 hostem
247 841 403 906 capienda·
430 841 471 890 to.
497 839 631 891 Cecidere
650 838 799 888 Persarum
818 838 883 890 Ara-

65 905 190 973 brrnrque
212 909 288 958 circa
306 908 402 958 decem
422 907 521 960 miiiia:
548 922 599 958 nec
618 905 820 959 Macedonibus
843 906 883 958 in·

65 983 188 1027 cruenta
198 975 317 1024 victoria
327 974 389 1024 fuit.
422 975 539 1027 Obsidio
550 981 626 1025 certe
638 990 692 1024 non
704 981 759 1025 tam
772 972 883 1022 clarita·

66 1048 95 1092 te
107 1042 188 1092 urbis
200 1041 349 1092 nobilitata
357 1050 495 1108 est,quam
506 1043 647 1110 geminato
658 1041 784 1109 periculo
797 1039 883 1106 regia

68 1109 125 1170 Qui
137 1108 296 1174 Aegyptum
308 1109 384 1160 adire
396 1109 541 1172 festinans,
552 1112 697 1176 Amyntam
709 1125 769 1164 curu
786 1107 884 1159 decem

66 1175 235 1231 triremibus
247 1177 470 1230 iuMucednniam
481 1178 516 1228 ad
529 1179 883 1244 inquisitionemuovnrum

66 1245 190 1295 miiitum
204 1244 287 1294 misit.
324 1246 365 1296 31.
382 1245 507 1312 Namque
522 1246 638 1312 proeliis
654 1247 736 1298 etiam
751 1243 882 1295 secundis

67 1311 264 1366 atterebantur
285 1314 396 1378 copiae,
415 1314 643 1380 devictarumque
662 1315 786 1382 gentium
800 1303 882 1365 militi

68 1383 171 1438 minor,
183 1395 263 1445 qnam
276 1380 443 1442 domestico,
466 1382 536 1434 iides
548 1380 710 1432 habebatur.

116 1446 882 1516 vil.aegyptiacaniret-sarum‹rpibusinfansiiqntppe

68 1529 154 1568 avare
166 1521 194 1564 et
205 1515 323 1580 superbe
335 1517 520 1582 imperitatum
533 1518 586 1568 sibi
599 1533 661 1570 esse
672 1515 835 1576 credebant)
847 1513 884 1562 ad

70 1583 884 1650 spemadreatuseiuser·exerantaninros;utp0tequihmyu·

6 1701 7 1704 ,
69 1657 128 1704 tatu
140 1665 265 1716 quoqne,
278 1651 448 1718 transfugam
461 1659 561 1702 etcum
572 1653 699 1719 precario
711 1650 827 1715 imperio
839 1663 884 1698 ve-

6 1723 7 1752 i
70 1718 206 1778 aientem,
219 1718 285 1768 laeti
296 1721 476 1784 recepissent.
496 1721 520 1768 2.
533 1719 726 1784 igitur-ingens
735 1715 883 1768 multitudo

5 1831 7 1844 ,
70 1785 226 1846 Petusium,
238 1801 292 1853 qna
303 1787 454 1838 intraturus
470 1799 520 1838 rex
537 1785 691 1846 ridebatur,
705 1786 883 1834 convenerat.

5 1859 6 1862 ’
69 1855 162 1920 Atque
174 1854 349 1920 iiieseptimn
361 1854 416 1914 die,
428 1863 609 1920 posteaquem
621 1849 886 1916 aGaaaoopiasmo·

5 1961 6 1978 ,
73 1928 164 1980 verat,
186 1921 213 1972 iu
230 1923 373 1988 regionem
384 1922 514 1988 Aegypti,
532 1936 615 1988 qrram
632 1935 703 1972 nunc
715 1917 814 1970 Castra
823 1915 885 1972 rue.

71 1989 173 2042 xandri
185 1991 438 2056 nocantperrenit.
473 1989 499 2043 3.
519 1988 636 2062 Deinde,
648 1984 885 2055 pedestribusco·

5 2109 6 2112 ,
73 2057 129 2123 piis
146 2055 286 2108 Pelusium
299 2067 393 2124 petere
405 2057 502 2119 iussis,
522 2058 583 2125 ipse
597 2073 658 2111 cum
670 2053 801 2123 expedita
811 2050 887 2102 deie-

75 2132 183 2176 ctorum
197 2140 277 2176 aranu
296 2125 361 2176 Niin
379 2141 459 2176 aurae
475 2134 570 2176 rectus
586 2133 641 2177 est:
663 2139 715 2176 nec
727 2121 886 2172 sustinuere

5 2239 6 2242 ,
73 2192 223 2244 adrentum
235 2192 295 2243 eius
308 2193 425 2252 Persae,
442 2193 601 2244 deiectione
613 2207 724 2260 quoque
734 2185 885 2256 perterriti.

72 2261 100 2310 4.
121 2259 233 2328 leuique
250 2258 321 2312 haud
337 2262 434 2328 procui
445 2259 567 2327 Memphi
580 2268 656 2312 erate
678 2261 704 2310 in
719 2257 798 2310 cuius
808 2269 886 2322 priw-

75 2327 150 2380 sidio
165 2327 282 2381 Satares
296 2337 411 2394 praetor
424 2314 503 2382 Darii
521 2329 646 2390 reiictur,
666 2327 735 2378 Orio
750 2339 830 2380 earne
841 2339 885 2376 su-

73 2403 186 2462 perato,
196 2396 359 2463 octingenta
369 2396 653 2457 taientaitleraudro,
669 2407 833 2462 carnemque
844 2407 885 2444 re·

106 2477 151 2514 am
170 2463 372 2530 aupeiiectiiem
392 2463 517 2516 tradidit.
552 2463 578 2516 b.
596 2465 617 2517 d
633 2461 765 2530 Menrphi,
786 2463 886 2516 eodem

115 2529 189 2581 mine
200 2540 309 2593 rectus,
329 2533 364 2583 ad
374 2532 510 2584 interiora
520 2531 639 2600 Aegypti
651 2540 792 2598 penetrem
810 2547 886 2586 com·

73 2597 232 2666 positisque
248 2598 331 2652 rebus
344 2600 400 2662 ita,
420 2597 529 2654 utnihii
540 2613 575 2650 ex
585 2601 675 2665 patrio
686 2601 886 2676 Aegyptiarum

74 2680 153 2719 more
163 2673 296 2728 urutmet,
317 2667 395 2718 adire
410 2667 483 2721 iovis
494 2667 659 2720 Hammonis
673 2669 816 2724 oraculum
826 2673 886 2722 :sie-

74 2733 137 2786 toit.
155 2733 182 2786 b.
195 2733 254 2786 iter
264 2733 524 2804 expeditisquoque
535 2735 670 2804 etpaacia‘
680 2735 886 2794 vistaierahiia
