<?xml version="1.0" encoding="UTF-8"?>
<!DOCTYPE html PUBLIC "-//W3C//DTD XHTML 1.0 Transitional//EN"
    "http://www.w3.org/TR/xhtml1/DTD/xhtml1-transitional.dtd">
<html xmlns="http://www.w3.org/1999/xhtml" xml:lang="en" lang="en">
 <head>
  <title>
</title>
<meta http-equiv="Content-Type" content="text/html;charset=utf-8" />
  <meta name='ocr-system' content='tesseract 3.04.00' />
  <meta name='ocr-capabilities' content='ocr_page ocr_carea ocr_par ocr_line ocrx_word'/>
</head>
<body>
  <div class='ocr_page' id='page_1' title='image "./qcurtiirufidere00johagoog_0298.png"; bbox 0 0 2082 3042; ppageno 0'>
   <div class='ocr_carea' id='block_1_1' title="bbox 140 213 726 275">
    <p class='ocr_par' dir='ltr' id='par_1_1' title="bbox 140 213 726 275">
     <span class='ocr_line' id='line_1_1' title="bbox 140 213 726 275; baseline -0.01 -5"><span class='ocrx_word' id='word_1_1' title='bbox 140 215 191 270; x_wconf 74' lang='lat'>286</span> <span class='ocrx_word' id='word_1_2' title='bbox 362 213 531 275; x_wconf 72' lang='lat' dir='ltr'><strong>QUINTI</strong></span> <span class='ocrx_word' id='word_1_3' title='bbox 560 213 726 266; x_wconf 81' lang='lat' dir='ltr'>CUR&#39;l&#39;ll</span> 
     </span>
    </p>
   </div>
   <div class='ocr_carea' id='block_1_2' title="bbox 133 315 1026 1592">
    <p class='ocr_par' dir='ltr' id='par_1_2' title="bbox 133 315 945 788">
     <span class='ocr_line' id='line_1_2' title="bbox 137 315 943 384; baseline 0 -14"><span class='ocrx_word' id='word_1_4' title='bbox 137 319 184 370; x_wconf 68' lang='lat' dir='ltr'>ib·</span> <span class='ocrx_word' id='word_1_5' title='bbox 199 315 367 384; x_wconf 79' lang='lat' dir='ltr'><strong>Alexander,</strong></span> <span class='ocrx_word' id='word_1_6' title='bbox 385 316 500 367; x_wconf 90' lang='lat' dir='ltr'>multum</span> <span class='ocrx_word' id='word_1_7' title='bbox 515 315 676 366; x_wconf 87' lang='lat' dir='ltr'>collaudato</span> <span class='ocrx_word' id='word_1_8' title='bbox 688 315 857 382; x_wconf 76' lang='lat' dir='ltr'>Spitamene,</span> <span class='ocrx_word' id='word_1_9' title='bbox 877 331 943 370; x_wconf 85' lang='lat' dir='ltr'>con-</span> 
     </span>
     <span class='ocr_line' id='line_1_3' title="bbox 136 382 943 452; baseline 0.004 -18"><span class='ocrx_word' id='word_1_10' title='bbox 136 397 236 436; x_wconf 74' lang='lat' dir='ltr'>versus</span> <span class='ocrx_word' id='word_1_11' title='bbox 247 383 282 434; x_wconf 85' lang='lat' dir='ltr'>ad</span> <span class='ocrx_word' id='word_1_12' title='bbox 292 384 419 446; x_wconf 80' lang='lat' dir='ltr'>Bessum,</span> <span class='ocrx_word' id='word_1_13' title='bbox 432 382 523 446; x_wconf 74' lang='lat' dir='ltr'>Occiae,</span> <span class='ocrx_word' id='word_1_14' title='bbox 535 384 633 449; x_wconf 85' lang='lat' dir='ltr'>inquit,</span> <span class='ocrx_word' id='word_1_15' title='bbox 658 399 721 434; x_wconf 83' lang='lat' dir='ltr'>erue</span> <span class='ocrx_word' id='word_1_16' title='bbox 730 382 819 434; x_wconf 75' lang='lat' dir='ltr'>radiet</span> <span class='ocrx_word' id='word_1_17' title='bbox 828 399 943 452; x_wconf 75' lang='lat' dir='ltr'>ccctrpa·</span> 
     </span>
     <span class='ocr_line' id='line_1_4' title="bbox 136 450 945 529; baseline 0.002 -27"><span class='ocrx_word' id='word_1_18' title='bbox 136 450 177 503; x_wconf 80' lang='lat' dir='ltr'>vit</span> <span class='ocrx_word' id='word_1_19' title='bbox 192 450 310 503; x_wconf 82' lang='lat' dir='ltr'>animum</span> <span class='ocrx_word' id='word_1_20' title='bbox 326 459 409 512; x_wconf 73' lang='lat' dir='ltr'>mum,</span> <span class='ocrx_word' id='word_1_21' title='bbox 431 465 510 517; x_wconf 79' lang='lat' dir='ltr'>quam</span> <span class='ocrx_word' id='word_1_22' title='bbox 525 465 616 516; x_wconf 80' lang='lat' dir='ltr'>regem</span> <span class='ocrx_word' id='word_1_23' title='bbox 649 458 699 501; x_wconf 90' lang='lat' dir='ltr'>ete</span> <span class='ocrx_word' id='word_1_24' title='bbox 709 450 807 529; x_wconf 79' lang='lat' dir='ltr'>optime</span> <span class='ocrx_word' id='word_1_25' title='bbox 818 452 945 504; x_wconf 78' lang='lat' dir='ltr'>meritum</span> 
     </span>
     <span class='ocr_line' id='line_1_5' title="bbox 133 516 944 586; baseline 0.002 -16"><span class='ocrx_word' id='word_1_26' title='bbox 133 517 211 586; x_wconf 71' lang='lat' dir='ltr'>prius</span> <span class='ocrx_word' id='word_1_27' title='bbox 228 518 338 581; x_wconf 76' lang='lat' dir='ltr'>vincire,</span> <span class='ocrx_word' id='word_1_28' title='bbox 359 517 451 569; x_wconf 56' lang='lat' dir='ltr'>dende</span> <span class='ocrx_word' id='word_1_29' title='bbox 471 516 592 568; x_wconf 56' lang='lat' dir='ltr'>uendere</span> <span class='ocrx_word' id='word_1_30' title='bbox 610 516 775 570; x_wconf 73' lang='lat' dir='ltr'>mctinuaett&#39;?</span> <span class='ocrx_word' id='word_1_31' title='bbox 792 518 847 569; x_wconf 75' lang='lat' dir='ltr'>Sed</span> <span class='ocrx_word' id='word_1_32' title='bbox 864 518 944 572; x_wconf 60' lang='lat' dir='ltr'>tuae</span> 
     </span>
     <span class='ocr_line' id='line_1_6' title="bbox 134 583 942 654; baseline 0.002 -16"><span class='ocrx_word' id='word_1_33' title='bbox 134 585 279 654; x_wconf 62' lang='lat' dir='ltr'>parmcidii</span> <span class='ocrx_word' id='word_1_34' title='bbox 288 586 431 637; x_wconf 81' lang='lat' dir='ltr'>mercedem</span> <span class='ocrx_word' id='word_1_35' title='bbox 434 584 510 653; x_wconf 72' lang='lat' dir='ltr'>salac</span> <span class='ocrx_word' id='word_1_36' title='bbox 523 583 595 652; x_wconf 75' lang='lat' dir='ltr'>regit</span> <span class='ocrx_word' id='word_1_37' title='bbox 605 583 710 636; x_wconf 81' lang='lat' dir='ltr'>nomiae</span> <span class='ocrx_word' id='word_1_38' title='bbox 716 584 880 652; x_wconf 68' lang='lat' dir='ltr'>persolvisti.</span> <span class='ocrx_word' id='word_1_39' title='bbox 900 586 942 640; x_wconf 80' lang='lat' dir='ltr'>ac.</span> 
     </span>
     <span class='ocr_line' id='line_1_7' title="bbox 136 652 943 720; baseline 0.002 -15"><span class='ocrx_word' id='word_1_40' title='bbox 136 655 179 706; x_wconf 89' lang='lat' dir='ltr'>lbi</span> <span class='ocrx_word' id='word_1_41' title='bbox 188 655 246 716; x_wconf 87' lang='lat' dir='ltr'>ille,</span> <span class='ocrx_word' id='word_1_42' title='bbox 266 653 374 705; x_wconf 84' lang='lat' dir='ltr'>lacinus</span> <span class='ocrx_word' id='word_1_43' title='bbox 385 667 505 720; x_wconf 86' lang='lat' dir='ltr'>purgare</span> <span class='ocrx_word' id='word_1_44' title='bbox 516 666 571 702; x_wconf 89' lang='lat' dir='ltr'>non</span> <span class='ocrx_word' id='word_1_45' title='bbox 582 667 680 716; x_wconf 82' lang='lat' dir='ltr'>ausus,</span> <span class='ocrx_word' id='word_1_46' title='bbox 699 652 776 720; x_wconf 83' lang='lat' dir='ltr'>regis</span> <span class='ocrx_word' id='word_1_47' title='bbox 786 653 902 706; x_wconf 82' lang='lat' dir='ltr'>titulum</span> <span class='ocrx_word' id='word_1_48' title='bbox 911 670 943 707; x_wconf 84' lang='lat' dir='ltr'>se</span> 
     </span>
     <span class='ocr_line' id='line_1_8' title="bbox 135 720 941 788; baseline 0.001 -15"><span class='ocrx_word' id='word_1_49' title='bbox 135 735 272 788; x_wconf 88' lang='lat' dir='ltr'>usurpare</span> <span class='ocrx_word' id='word_1_50' title='bbox 292 721 372 782; x_wconf 87' lang='lat' dir='ltr'>dixit,</span> <span class='ocrx_word' id='word_1_51' title='bbox 391 726 423 771; x_wconf 91' lang='lat' dir='ltr'>ut</span> <span class='ocrx_word' id='word_1_52' title='bbox 436 726 547 787; x_wconf 85' lang='lat' dir='ltr'>gentem</span> <span class='ocrx_word' id='word_1_53' title='bbox 560 735 638 770; x_wconf 79' lang='lat' dir='ltr'>suam</span> <span class='ocrx_word' id='word_1_54' title='bbox 648 720 760 771; x_wconf 78' lang='lat' dir='ltr'>tradere</span> <span class='ocrx_word' id='word_1_55' title='bbox 770 721 826 786; x_wconf 86' lang='lat' dir='ltr'>ipsi</span> <span class='ocrx_word' id='word_1_56' title='bbox 836 723 941 788; x_wconf 85' lang='lat' dir='ltr'>possit:</span> 
     </span>
    </p>

    <p class='ocr_par' dir='ltr' id='par_1_3' title="bbox 133 786 1026 1592">
     <span class='ocr_line' id='line_1_9' title="bbox 156 786 1026 857; baseline 0.001 -17"><span class='ocrx_word' id='word_1_57' title='bbox 156 791 183 840; x_wconf 90' lang='lat' dir='ltr'>ui</span> <span class='ocrx_word' id='word_1_58' title='bbox 194 792 220 842; x_wconf 90' lang='lat' dir='ltr'>si</span> <span class='ocrx_word' id='word_1_59' title='bbox 230 794 381 850; x_wconf 74' lang='lat' dir='ltr'>cessasset,</span> <span class='ocrx_word' id='word_1_60' title='bbox 401 788 485 840; x_wconf 89' lang='lat' dir='ltr'>alium</span> <span class='ocrx_word' id='word_1_61' title='bbox 499 786 587 838; x_wconf 82' lang='lat' dir='ltr'>fuisse</span> <span class='ocrx_word' id='word_1_62' title='bbox 601 803 716 855; x_wconf 86' lang='lat' dir='ltr'>regnum</span> <span class='ocrx_word' id='word_1_63' title='bbox 731 795 941 857; x_wconf 83' lang='lat' dir='ltr'>occupaturum.</span> <span class='ocrx_word' id='word_1_64' title='bbox 1025 809 1026 830; x_wconf 69' lang='lat'>1</span> 
     </span>
     <span class='ocr_line' id='line_1_10' title="bbox 136 805 942 924; baseline 0.001 -15"><span class='ocrx_word' id='word_1_65' title='bbox 136 805 179 909; x_wconf 63' lang='lat' dir='ltr'>dd.</span> <span class='ocrx_word' id='word_1_66' title='bbox 198 859 232 908; x_wconf 78' lang='lat' dir='ltr'>Ae</span> <span class='ocrx_word' id='word_1_67' title='bbox 241 856 399 907; x_wconf 77' lang='lat' dir='ltr'>Alexander</span> <span class='ocrx_word' id='word_1_68' title='bbox 409 853 571 918; x_wconf 85' lang='lat' dir='ltr'>Oxathrem,</span> <span class='ocrx_word' id='word_1_69' title='bbox 582 853 696 905; x_wconf 83' lang='lat' dir='ltr'>fratrem</span> <span class='ocrx_word' id='word_1_70' title='bbox 706 855 795 918; x_wconf 87' lang='lat' dir='ltr'>Darii,</span> <span class='ocrx_word' id='word_1_71' title='bbox 807 872 891 924; x_wconf 90' lang='lat' dir='ltr'>quem</span> <span class='ocrx_word' id='word_1_72' title='bbox 901 859 942 910; x_wconf 86' lang='lat' dir='ltr'>in·</span> 
     </span>
     <span class='ocr_line' id='line_1_11' title="bbox 135 922 942 990; baseline -0.001 -12"><span class='ocrx_word' id='word_1_73' title='bbox 135 932 180 978; x_wconf 88' lang='lat' dir='ltr'>ter</span> <span class='ocrx_word' id='word_1_74' title='bbox 190 924 317 990; x_wconf 83' lang='lat' dir='ltr'>corporis</span> <span class='ocrx_word' id='word_1_75' title='bbox 328 923 460 974; x_wconf 81' lang='lat' dir='ltr'>custodes</span> <span class='ocrx_word' id='word_1_76' title='bbox 470 922 600 984; x_wconf 85' lang='lat' dir='ltr'>habebat,</span> <span class='ocrx_word' id='word_1_77' title='bbox 606 923 720 989; x_wconf 88' lang='lat' dir='ltr'>propius</span> <span class='ocrx_word' id='word_1_78' title='bbox 731 924 815 975; x_wconf 85' lang='lat' dir='ltr'>iussit</span> <span class='ocrx_word' id='word_1_79' title='bbox 824 925 942 977; x_wconf 85' lang='lat' dir='ltr'>accede·</span> 
     </span>
     <span class='ocr_line' id='line_1_12' title="bbox 134 991 942 1058; baseline 0 -14"><span class='ocrx_word' id='word_1_80' title='bbox 134 1007 179 1055; x_wconf 83' lang='lat' dir='ltr'>re3</span> <span class='ocrx_word' id='word_1_81' title='bbox 200 992 330 1058; x_wconf 88' lang='lat' dir='ltr'>tradique</span> <span class='ocrx_word' id='word_1_82' title='bbox 339 991 456 1042; x_wconf 83' lang='lat' dir='ltr'>Bessum</span> <span class='ocrx_word' id='word_1_83' title='bbox 473 991 509 1052; x_wconf 90' lang='lat' dir='ltr'>ei,</span> <span class='ocrx_word' id='word_1_84' title='bbox 528 997 559 1042; x_wconf 90' lang='lat' dir='ltr'>ut</span> <span class='ocrx_word' id='word_1_85' title='bbox 573 991 649 1042; x_wconf 87' lang='lat' dir='ltr'>cruci</span> <span class='ocrx_word' id='word_1_86' title='bbox 664 991 784 1053; x_wconf 65' lang='lat' dir='ltr'>affixunn</span> <span class='ocrx_word' id='word_1_87' title='bbox 803 993 942 1044; x_wconf 85' lang='lat' dir='ltr'>mutilatis</span> 
     </span>
     <span class='ocr_line' id='line_1_13' title="bbox 136 1057 942 1126; baseline -0.001 -15"><span class='ocrx_word' id='word_1_88' title='bbox 136 1060 249 1112; x_wconf 87' lang='lat' dir='ltr'>auribus</span> <span class='ocrx_word' id='word_1_89' title='bbox 259 1058 438 1124; x_wconf 84' lang='lat' dir='ltr'>naribusque,</span> <span class='ocrx_word' id='word_1_90' title='bbox 452 1059 563 1126; x_wconf 75' lang='lat' dir='ltr'>sagittis</span> <span class='ocrx_word' id='word_1_91' title='bbox 576 1057 885 1125; x_wconf 84' lang='lat' dir='ltr'>conligerentbarbari3</span> <span class='ocrx_word' id='word_1_92' title='bbox 895 1060 942 1111; x_wconf 84' lang='lat' dir='ltr'>ad·</span> 
     </span>
     <span class='ocr_line' id='line_1_14' title="bbox 135 1125 942 1196; baseline 0 -18"><span class='ocrx_word' id='word_1_93' title='bbox 135 1133 334 1193; x_wconf 84' lang='lat' dir='ltr'>servarentque</span> <span class='ocrx_word' id='word_1_94' title='bbox 355 1139 466 1193; x_wconf 85' lang='lat' dir='ltr'>corpus,</span> <span class='ocrx_word' id='word_1_95' title='bbox 486 1132 570 1177; x_wconf 88' lang='lat' dir='ltr'>utne</span> <span class='ocrx_word' id='word_1_96' title='bbox 589 1140 655 1176; x_wconf 87' lang='lat' dir='ltr'>aves</span> <span class='ocrx_word' id='word_1_97' title='bbox 670 1125 781 1192; x_wconf 86' lang='lat' dir='ltr'>quidem</span> <span class='ocrx_word' id='word_1_98' title='bbox 796 1128 942 1196; x_wconf 86' lang='lat' dir='ltr'>continge·</span> 
     </span>
     <span class='ocr_line' id='line_1_15' title="bbox 133 1190 942 1261; baseline 0 -14"><span class='ocrx_word' id='word_1_99' title='bbox 133 1202 205 1247; x_wconf 87' lang='lat' dir='ltr'>rent.</span> <span class='ocrx_word' id='word_1_100' title='bbox 242 1194 287 1245; x_wconf 62' lang='lat'>41.‘</span> <span class='ocrx_word' id='word_1_101' title='bbox 304 1190 442 1243; x_wconf 81' lang='lat' dir='ltr'>Oxathres</span> <span class='ocrx_word' id='word_1_102' title='bbox 462 1200 557 1244; x_wconf 82' lang='lat' dir='ltr'>cetera</span> <span class='ocrx_word' id='word_1_103' title='bbox 575 1192 630 1244; x_wconf 85' lang='lat' dir='ltr'>sibi</span> <span class='ocrx_word' id='word_1_104' title='bbox 649 1208 732 1245; x_wconf 89' lang='lat' dir='ltr'>curae</span> <span class='ocrx_word' id='word_1_105' title='bbox 746 1192 810 1245; x_wconf 82' lang='lat' dir='ltr'>scre</span> <span class='ocrx_word' id='word_1_106' title='bbox 824 1195 942 1261; x_wconf 83' lang='lat' dir='ltr'>pollice·</span> 
     </span>
     <span class='ocr_line' id='line_1_16' title="bbox 133 1260 942 1330; baseline 0.001 -16"><span class='ocrx_word' id='word_1_107' title='bbox 133 1271 188 1314; x_wconf 87' lang='lat' dir='ltr'>tur.</span> <span class='ocrx_word' id='word_1_108' title='bbox 225 1263 296 1312; x_wconf 81' lang='lat' dir='ltr'>Aves</span> <span class='ocrx_word' id='word_1_109' title='bbox 307 1275 361 1310; x_wconf 92' lang='lat' dir='ltr'>non</span> <span class='ocrx_word' id='word_1_110' title='bbox 372 1260 406 1311; x_wconf 82' lang='lat' dir='ltr'>ab</span> <span class='ocrx_word' id='word_1_111' title='bbox 417 1260 484 1323; x_wconf 85' lang='lat' dir='ltr'>alic,</span> <span class='ocrx_word' id='word_1_112' title='bbox 503 1274 584 1328; x_wconf 86' lang='lat' dir='ltr'>quem</span> <span class='ocrx_word' id='word_1_113' title='bbox 594 1275 612 1310; x_wconf 85' lang='lat' dir='ltr'>a</span> <span class='ocrx_word' id='word_1_114' title='bbox 621 1260 735 1324; x_wconf 78' lang='lat' dir='ltr'>Catane,</span> <span class='ocrx_word' id='word_1_115' title='bbox 753 1277 838 1330; x_wconf 84' lang='lat' dir='ltr'>posse</span> <span class='ocrx_word' id='word_1_116' title='bbox 849 1262 942 1330; x_wconf 86' lang='lat' dir='ltr'>probi-</span> 
     </span>
     <span class='ocr_line' id='line_1_17' title="bbox 134 1327 941 1395; baseline 0.002 -16"><span class='ocrx_word' id='word_1_117' title='bbox 134 1329 195 1380; x_wconf 83' lang='lat' dir='ltr'>beri</span> <span class='ocrx_word' id='word_1_118' title='bbox 208 1327 314 1388; x_wconf 87' lang='lat' dir='ltr'>ediicit,</span> <span class='ocrx_word' id='word_1_119' title='bbox 335 1327 464 1378; x_wconf 77' lang='lat' dir='ltr'>eximiam</span> <span class='ocrx_word' id='word_1_120' title='bbox 482 1329 542 1378; x_wconf 87' lang='lat' dir='ltr'>eius</span> <span class='ocrx_word' id='word_1_121' title='bbox 553 1332 641 1378; x_wconf 87' lang='lat' dir='ltr'>artem</span> <span class='ocrx_word' id='word_1_122' title='bbox 651 1330 766 1395; x_wconf 84' lang='lat' dir='ltr'>cupiens</span> <span class='ocrx_word' id='word_1_123' title='bbox 776 1331 941 1383; x_wconf 83' lang='lat' dir='ltr'>ostendere:</span> 
     </span>
     <span class='ocr_line' id='line_1_18' title="bbox 133 1393 995 1462; baseline 0 -16"><span class='ocrx_word' id='word_1_124' title='bbox 133 1409 251 1462; x_wconf 87' lang='lat' dir='ltr'>namque</span> <span class='ocrx_word' id='word_1_125' title='bbox 272 1393 343 1444; x_wconf 83' lang='lat' dir='ltr'>adeo</span> <span class='ocrx_word' id='word_1_126' title='bbox 359 1401 436 1446; x_wconf 85' lang='lat' dir='ltr'>certo</span> <span class='ocrx_word' id='word_1_127' title='bbox 452 1396 510 1446; x_wconf 88' lang='lat' dir='ltr'>ictu</span> <span class='ocrx_word' id='word_1_128' title='bbox 528 1394 667 1446; x_wconf 84' lang='lat' dir='ltr'>destinata</span> <span class='ocrx_word' id='word_1_129' title='bbox 681 1397 810 1460; x_wconf 82' lang='lat' dir='ltr'>feriebat,</span> <span class='ocrx_word' id='word_1_130' title='bbox 831 1404 863 1450; x_wconf 86' lang='lat' dir='ltr'>ut</span> <span class='ocrx_word' id='word_1_131' title='bbox 873 1413 941 1452; x_wconf 81' lang='lat' dir='ltr'>arce</span> <span class='ocrx_word' id='word_1_132' title='bbox 992 1439 995 1446; x_wconf 89' lang='lat'><em>.</em></span> 
     </span>
     <span class='ocr_line' id='line_1_19' title="bbox 134 1461 939 1533; baseline 0.006 -19"><span class='ocrx_word' id='word_1_133' title='bbox 134 1477 244 1531; x_wconf 85' lang='lat' dir='ltr'>qunque</span> <span class='ocrx_word' id='word_1_134' title='bbox 265 1463 415 1529; x_wconf 80' lang='lat' dir='ltr'>exciperet.</span> <span class='ocrx_word' id='word_1_135' title='bbox 450 1463 492 1514; x_wconf 77' lang='lat' dir='ltr'>il.</span> <span class='ocrx_word' id='word_1_136' title='bbox 511 1461 581 1514; x_wconf 86' lang='lat' dir='ltr'>Nam</span> <span class='ocrx_word' id='word_1_137' title='bbox 592 1462 773 1516; x_wconf 81' lang='lat' dir='ltr'>etsifcreitan</span> <span class='ocrx_word' id='word_1_138' title='bbox 785 1466 939 1533; x_wconf 83' lang='lat' dir='ltr'>sagittandi</span> 
     </span>
     <span class='ocr_line' id='line_1_20' title="bbox 133 1530 940 1592; baseline 0.004 -9"><span class='ocrx_word' id='word_1_139' title='bbox 133 1538 189 1583; x_wconf 64' lang='lat' dir='ltr'>mni</span> <span class='ocrx_word' id='word_1_140' title='bbox 208 1530 313 1582; x_wconf 83' lang='lat' dir='ltr'>celebri</span> <span class='ocrx_word' id='word_1_141' title='bbox 335 1546 388 1581; x_wconf 85' lang='lat' dir='ltr'>usu</span> <span class='ocrx_word' id='word_1_142' title='bbox 406 1531 496 1582; x_wconf 88' lang='lat' dir='ltr'>minus</span> <span class='ocrx_word' id='word_1_143' title='bbox 516 1531 689 1592; x_wconf 78' lang='lat' dir='ltr'>admirabilis</span> <span class='ocrx_word' id='word_1_144' title='bbox 703 1533 794 1585; x_wconf 82' lang='lat' dir='ltr'>videri</span> <span class='ocrx_word' id='word_1_145' title='bbox 813 1532 884 1585; x_wconf 91' lang='lat' dir='ltr'>haec</span> <span class='ocrx_word' id='word_1_146' title='bbox 895 1550 940 1586; x_wconf 81' lang='lat' dir='ltr'>are</span> 
     </span>
    </p>
   </div>
   <div class='ocr_carea' id='block_1_3' title="bbox 133 1599 1030 1667">
    <p class='ocr_par' dir='ltr' id='par_1_4' title="bbox 133 1599 1030 1667">
     <span class='ocr_line' id='line_1_21' title="bbox 133 1599 1030 1667; baseline -0.009 -16"><span class='ocrx_word' id='word_1_147' title='bbox 133 1601 237 1667; x_wconf 81' lang='lat' dir='ltr'>poesit3</span> <span class='ocrx_word' id='word_1_148' title='bbox 255 1607 350 1651; x_wconf 88' lang='lat' dir='ltr'>tamen</span> <span class='ocrx_word' id='word_1_149' title='bbox 359 1601 459 1666; x_wconf 85' lang='lat' dir='ltr'>ingens</span> <span class='ocrx_word' id='word_1_150' title='bbox 468 1599 623 1654; x_wconf 81' lang='lat' dir='ltr'>visentibus</span> <span class='ocrx_word' id='word_1_151' title='bbox 633 1600 805 1663; x_wconf 86' lang='lat' dir='ltr'>miraculum,</span> <span class='ocrx_word' id='word_1_152' title='bbox 825 1617 871 1652; x_wconf 81' lang='lat' dir='ltr'>mn</span> <span class='ocrx_word' id='word_1_153' title='bbox 912 1618 941 1654; x_wconf 76' lang='grc' dir='ltr'>ο.</span> <span class='ocrx_word' id='word_1_154' title='bbox 1029 1613 1030 1620; x_wconf 49' lang='lat'>¹</span> 
     </span>
    </p>
   </div>
   <div class='ocr_carea' id='block_1_4' title="bbox 110 1665 941 2818">
    <p class='ocr_par' dir='ltr' id='par_1_5' title="bbox 132 1665 941 1935">
     <span class='ocr_line' id='line_1_22' title="bbox 134 1665 939 1736; baseline 0.002 -18"><span class='ocrx_word' id='word_1_155' title='bbox 134 1683 187 1736; x_wconf 90' lang='lat' dir='ltr'>quc</span> <span class='ocrx_word' id='word_1_156' title='bbox 199 1668 299 1720; x_wconf 86' lang='lat' dir='ltr'>honori</span> <span class='ocrx_word' id='word_1_157' title='bbox 311 1666 479 1719; x_wconf 80' lang='lat' dir='ltr'>Catenifuit.</span> <span class='ocrx_word' id='word_1_158' title='bbox 515 1666 557 1719; x_wconf 73' lang='grc'>43.</span> <span class='ocrx_word' id='word_1_159' title='bbox 576 1665 659 1718; x_wconf 84' lang='lat' dir='ltr'>Dona</span> <span class='ocrx_word' id='word_1_160' title='bbox 679 1667 779 1719; x_wconf 89' lang='lat' dir='ltr'>deinde</span> <span class='ocrx_word' id='word_1_161' title='bbox 799 1670 876 1719; x_wconf 91' lang='lat' dir='ltr'>omni</span> <span class='ocrx_word' id='word_1_162' title='bbox 897 1686 939 1732; x_wconf 79' lang='lat' dir='ltr'>us,</span> 
     </span>
     <span class='ocr_line' id='line_1_23' title="bbox 133 1734 941 1806; baseline 0.004 -20"><span class='ocrx_word' id='word_1_163' title='bbox 133 1737 180 1803; x_wconf 90' lang='lat' dir='ltr'>qui</span> <span class='ocrx_word' id='word_1_164' title='bbox 192 1737 309 1788; x_wconf 86' lang='lat' dir='ltr'>Bessum</span> <span class='ocrx_word' id='word_1_165' title='bbox 318 1735 501 1797; x_wconf 81' lang='lat' dir='ltr'>adduxerant,</span> <span class='ocrx_word' id='word_1_166' title='bbox 512 1734 578 1785; x_wconf 87' lang='lat' dir='ltr'>data</span> <span class='ocrx_word' id='word_1_167' title='bbox 586 1740 659 1786; x_wconf 86' lang='lat' dir='ltr'>suut.</span> <span class='ocrx_word' id='word_1_168' title='bbox 695 1737 825 1787; x_wconf 80' lang='lat' dir='ltr'>Ceterum</span> <span class='ocrx_word' id='word_1_169' title='bbox 836 1737 941 1806; x_wconf 85' lang='lat' dir='ltr'>suppli·</span> 
     </span>
     <span class='ocr_line' id='line_1_24' title="bbox 132 1802 940 1871; baseline 0.002 -16"><span class='ocrx_word' id='word_1_170' title='bbox 132 1807 206 1856; x_wconf 90' lang='lat' dir='ltr'>cium</span> <span class='ocrx_word' id='word_1_171' title='bbox 217 1805 277 1855; x_wconf 87' lang='lat' dir='ltr'>eius</span> <span class='ocrx_word' id='word_1_172' title='bbox 289 1804 406 1867; x_wconf 83' lang='lat' dir='ltr'>distulit,</span> <span class='ocrx_word' id='word_1_173' title='bbox 417 1810 449 1855; x_wconf 91' lang='lat' dir='ltr'>ut</span> <span class='ocrx_word' id='word_1_174' title='bbox 459 1818 494 1856; x_wconf 90' lang='lat' dir='ltr'>en</span> <span class='ocrx_word' id='word_1_175' title='bbox 504 1803 579 1865; x_wconf 88' lang='lat' dir='ltr'>loco,</span> <span class='ocrx_word' id='word_1_176' title='bbox 591 1803 620 1852; x_wconf 89' lang='lat' dir='ltr'>in</span> <span class='ocrx_word' id='word_1_177' title='bbox 631 1802 811 1870; x_wconf 82' lang='lat' dir='ltr'>qucDarium</span> <span class='ocrx_word' id='word_1_178' title='bbox 819 1804 882 1871; x_wconf 83' lang='lat' dir='ltr'>ipse</span> <span class='ocrx_word' id='word_1_179' title='bbox 893 1820 940 1857; x_wconf 88' lang='lat' dir='ltr'>cc·</span> 
     </span>
     <span class='ocr_line' id='line_1_25' title="bbox 133 1873 417 1935; baseline 0.004 -13"><span class='ocrx_word' id='word_1_180' title='bbox 133 1873 250 1935; x_wconf 74' lang='lat' dir='ltr'>diderat,</span> <span class='ocrx_word' id='word_1_181' title='bbox 261 1880 417 1924; x_wconf 83' lang='lat' dir='ltr'>necaretur.</span> 
     </span>
    </p>

    <p class='ocr_par' dir='ltr' id='par_1_6' title="bbox 128 1937 941 2681">
     <span class='ocr_line' id='line_1_26' title="bbox 182 1937 941 2006; baseline 0.001 -15"><span class='ocrx_word' id='word_1_182' title='bbox 182 1939 229 1992; x_wconf 89' lang='lat' dir='ltr'>Vl.</span> <span class='ocrx_word' id='word_1_183' title='bbox 249 1939 360 1990; x_wconf 85' lang='lat' dir='ltr'>interea</span> <span class='ocrx_word' id='word_1_184' title='bbox 382 1939 563 1998; x_wconf 84' lang='lat' dir='ltr'>Macedones,</span> <span class='ocrx_word' id='word_1_185' title='bbox 582 1937 618 1988; x_wconf 93' lang='lat' dir='ltr'>ad</span> <span class='ocrx_word' id='word_1_186' title='bbox 635 1937 786 2005; x_wconf 88' lang='lat' dir='ltr'>petendum</span> <span class='ocrx_word' id='word_1_187' title='bbox 806 1938 941 2006; x_wconf 84' lang='lat' dir='ltr'>pabulum</span> 
     </span>
     <span class='ocr_line' id='line_1_27' title="bbox 131 2005 941 2075; baseline 0.001 -17"><span class='ocrx_word' id='word_1_188' title='bbox 131 2008 319 2073; x_wconf 82' lang='lat' dir='ltr'>incomposito</span> <span class='ocrx_word' id='word_1_189' title='bbox 330 2005 440 2073; x_wconf 83' lang='lat' dir='ltr'>agmine</span> <span class='ocrx_word' id='word_1_190' title='bbox 451 2005 568 2071; x_wconf 83' lang='lat' dir='ltr'>egressi,</span> <span class='ocrx_word' id='word_1_191' title='bbox 589 2005 751 2067; x_wconf 85' lang='lat' dir='ltr'>abarbaris,</span> <span class='ocrx_word' id='word_1_192' title='bbox 771 2007 865 2073; x_wconf 87' lang='lat' dir='ltr'>quide</span> <span class='ocrx_word' id='word_1_193' title='bbox 875 2023 941 2075; x_wconf 88' lang='lat' dir='ltr'>prc-</span> 
     </span>
     <span class='ocr_line' id='line_1_28' title="bbox 131 2072 941 2142; baseline 0 -16"><span class='ocrx_word' id='word_1_194' title='bbox 131 2076 213 2126; x_wconf 88' lang='lat' dir='ltr'>xim-is</span> <span class='ocrx_word' id='word_1_195' title='bbox 223 2073 364 2125; x_wconf 82' lang='lat' dir='ltr'>montibus</span> <span class='ocrx_word' id='word_1_196' title='bbox 374 2072 564 2134; x_wconf 89' lang='lat' dir='ltr'>decurrerunt,</span> <span class='ocrx_word' id='word_1_197' title='bbox 572 2073 776 2138; x_wconf 75' lang='lat' dir='ltr'>opprimuntur,</span> <span class='ocrx_word' id='word_1_198' title='bbox 787 2074 941 2142; x_wconf 81' lang='lat' dir='ltr'>pluresque</span> 
     </span>
     <span class='ocr_line' id='line_1_29' title="bbox 131 2139 939 2209; baseline 0.001 -15"><span class='ocrx_word' id='word_1_199' title='bbox 131 2143 205 2208; x_wconf 89' lang='lat' dir='ltr'>capti</span> <span class='ocrx_word' id='word_1_200' title='bbox 216 2149 281 2193; x_wconf 87' lang='lat' dir='ltr'>sunt</span> <span class='ocrx_word' id='word_1_201' title='bbox 292 2155 373 2206; x_wconf 86' lang='lat' dir='ltr'>quam</span> <span class='ocrx_word' id='word_1_202' title='bbox 385 2140 484 2189; x_wconf 87' lang='lat' dir='ltr'>occisi:</span> <span class='ocrx_word' id='word_1_203' title='bbox 514 2141 538 2190; x_wconf 78' lang='lat'>².</span> <span class='ocrx_word' id='word_1_204' title='bbox 558 2139 671 2192; x_wconf 90' lang='lat' dir='ltr'>barbari</span> <span class='ocrx_word' id='word_1_205' title='bbox 685 2147 788 2204; x_wconf 85' lang='lat' dir='ltr'>autem,</span> <span class='ocrx_word' id='word_1_206' title='bbox 808 2145 939 2209; x_wconf 88' lang='lat' dir='ltr'>captivos</span> 
     </span>
     <span class='ocr_line' id='line_1_30' title="bbox 130 2207 940 2275; baseline 0.002 -15"><span class='ocrx_word' id='word_1_207' title='bbox 130 2223 196 2275; x_wconf 83' lang='lat' dir='ltr'>prae</span> <span class='ocrx_word' id='word_1_208' title='bbox 208 2224 238 2259; x_wconf 82' lang='lat' dir='ltr'>se</span> <span class='ocrx_word' id='word_1_209' title='bbox 250 2213 375 2275; x_wconf 87' lang='lat' dir='ltr'>agentes,</span> <span class='ocrx_word' id='word_1_210' title='bbox 387 2221 482 2257; x_wconf 82' lang='lat' dir='ltr'>rursus</span> <span class='ocrx_word' id='word_1_211' title='bbox 493 2207 521 2256; x_wconf 89' lang='lat' dir='ltr'>in</span> <span class='ocrx_word' id='word_1_212' title='bbox 532 2213 651 2258; x_wconf 87' lang='lat' dir='ltr'>montem</span> <span class='ocrx_word' id='word_1_213' title='bbox 661 2216 850 2260; x_wconf 84' lang='lat' dir='ltr'>recesserunt.</span> <span class='ocrx_word' id='word_1_214' title='bbox 883 2209 940 2262; x_wconf 82' lang='lat' dir='ltr'>XX</span> 
     </span>
     <span class='ocr_line' id='line_1_31' title="bbox 130 2273 938 2344; baseline 0.004 -19"><span class='ocrx_word' id='word_1_215' title='bbox 130 2273 219 2326; x_wconf 81' lang='lat' dir='ltr'>millia</span> <span class='ocrx_word' id='word_1_216' title='bbox 239 2275 377 2324; x_wconf 85' lang='lat' dir='ltr'>latronum</span> <span class='ocrx_word' id='word_1_217' title='bbox 397 2280 484 2324; x_wconf 87' lang='lat' dir='ltr'>erant.</span> <span class='ocrx_word' id='word_1_218' title='bbox 519 2273 624 2326; x_wconf 86' lang='lat' dir='ltr'>Fundis</span> <span class='ocrx_word' id='word_1_219' title='bbox 638 2275 805 2343; x_wconf 84' lang='lat' dir='ltr'>sagittisque</span> <span class='ocrx_word' id='word_1_220' title='bbox 815 2291 938 2344; x_wconf 88' lang='lat' dir='ltr'>pugnam</span> 
     </span>
     <span class='ocr_line' id='line_1_32' title="bbox 130 2341 938 2411; baseline 0.009 -21"><span class='ocrx_word' id='word_1_221' title='bbox 130 2343 271 2408; x_wconf 84' lang='lat' dir='ltr'>invadunt.</span> <span class='ocrx_word' id='word_1_222' title='bbox 308 2341 332 2392; x_wconf 75' lang='lat' dir='ltr'>i.</span> <span class='ocrx_word' id='word_1_223' title='bbox 352 2341 505 2403; x_wconf 73' lang='lat' dir='ltr'>Quosdam</span> <span class='ocrx_word' id='word_1_224' title='bbox 517 2341 700 2404; x_wconf 79' lang='lat' dir='ltr'>obsidetrex‚</span> <span class='ocrx_word' id='word_1_225' title='bbox 720 2343 938 2411; x_wconf 84' lang='lat' dir='ltr'>interpronrtis-</span> 
     </span>
     <span class='ocr_line' id='line_1_33' title="bbox 130 2409 939 2476; baseline 0.007 -18"><span class='ocrx_word' id='word_1_226' title='bbox 130 2410 216 2459; x_wconf 87' lang='lat' dir='ltr'>simus</span> <span class='ocrx_word' id='word_1_227' title='bbox 228 2409 361 2461; x_wconf 86' lang='lat' dir='ltr'>dimicans</span> <span class='ocrx_word' id='word_1_228' title='bbox 372 2410 476 2476; x_wconf 84' lang='lat' dir='ltr'>sagitta</span> <span class='ocrx_word' id='word_1_229' title='bbox 484 2410 558 2461; x_wconf 90' lang='lat' dir='ltr'>ictus</span> <span class='ocrx_word' id='word_1_230' title='bbox 568 2416 620 2470; x_wconf 86' lang='lat' dir='ltr'>est,</span> <span class='ocrx_word' id='word_1_231' title='bbox 629 2425 699 2476; x_wconf 89' lang='lat' dir='ltr'>quae</span> <span class='ocrx_word' id='word_1_232' title='bbox 708 2411 738 2461; x_wconf 91' lang='lat' dir='ltr'>in</span> <span class='ocrx_word' id='word_1_233' title='bbox 748 2412 842 2462; x_wconf 89' lang='lat' dir='ltr'>medic</span> <span class='ocrx_word' id='word_1_234' title='bbox 855 2427 939 2465; x_wconf 87' lang='lat' dir='ltr'>crure</span> 
     </span>
     <span class='ocr_line' id='line_1_34' title="bbox 131 2477 939 2546; baseline 0.005 -19"><span class='ocrx_word' id='word_1_235' title='bbox 131 2477 186 2528; x_wconf 84' lang='lat' dir='ltr'>fixa</span> <span class='ocrx_word' id='word_1_236' title='bbox 198 2477 350 2543; x_wconf 82' lang='lat' dir='ltr'>reliquerat</span> <span class='ocrx_word' id='word_1_237' title='bbox 359 2478 503 2544; x_wconf 88' lang='lat' dir='ltr'>spiculum.</span> <span class='ocrx_word' id='word_1_238' title='bbox 539 2477 563 2527; x_wconf 80' lang='lat' dir='ltr'>l.</span> <span class='ocrx_word' id='word_1_239' title='bbox 580 2478 659 2529; x_wconf 89' lang='lat' dir='ltr'>illum</span> <span class='ocrx_word' id='word_1_240' title='bbox 670 2478 782 2546; x_wconf 90' lang='lat' dir='ltr'>quidem</span> <span class='ocrx_word' id='word_1_241' title='bbox 792 2482 899 2530; x_wconf 85' lang='lat' dir='ltr'>moesti</span> <span class='ocrx_word' id='word_1_242' title='bbox 910 2489 939 2531; x_wconf 93' lang='lat' dir='ltr'>et</span> 
     </span>
     <span class='ocr_line' id='line_1_35' title="bbox 131 2544 939 2598; baseline 0.002 -2"><span class='ocrx_word' id='word_1_243' title='bbox 131 2546 418 2598; x_wconf 84' lang='lat' dir='ltr'>attonitilllacedones</span> <span class='ocrx_word' id='word_1_244' title='bbox 428 2545 456 2596; x_wconf 91' lang='lat' dir='ltr'>in</span> <span class='ocrx_word' id='word_1_245' title='bbox 467 2551 559 2596; x_wconf 87' lang='lat' dir='ltr'>castra</span> <span class='ocrx_word' id='word_1_246' title='bbox 568 2544 740 2597; x_wconf 83' lang='lat' dir='ltr'>referebant:</span> <span class='ocrx_word' id='word_1_247' title='bbox 752 2547 802 2596; x_wconf 83' lang='lat' dir='ltr'>sed</span> <span class='ocrx_word' id='word_1_248' title='bbox 812 2561 865 2598; x_wconf 90' lang='lat' dir='ltr'>nec</span> <span class='ocrx_word' id='word_1_249' title='bbox 874 2546 939 2598; x_wconf 88' lang='lat' dir='ltr'>bar-</span> 
     </span>
     <span class='ocr_line' id='line_1_36' title="bbox 128 2613 938 2681; baseline 0.002 -18"><span class='ocrx_word' id='word_1_250' title='bbox 128 2614 213 2664; x_wconf 84' lang='lat' dir='ltr'>barus</span> <span class='ocrx_word' id='word_1_251' title='bbox 224 2613 327 2664; x_wconf 77' lang='lat' dir='ltr'>fefellit</span> <span class='ocrx_word' id='word_1_252' title='bbox 337 2615 488 2664; x_wconf 87' lang='lat' dir='ltr'>subductus</span> <span class='ocrx_word' id='word_1_253' title='bbox 499 2628 533 2664; x_wconf 85' lang='lat' dir='ltr'>ex</span> <span class='ocrx_word' id='word_1_254' title='bbox 544 2614 603 2664; x_wconf 88' lang='lat' dir='ltr'>acie</span> <span class='ocrx_word' id='word_1_255' title='bbox 614 2629 677 2677; x_wconf 72' lang='lat' dir='ltr'>rex,</span> <span class='ocrx_word' id='word_1_256' title='bbox 698 2614 798 2681; x_wconf 85' lang='lat' dir='ltr'>quippe</span> <span class='ocrx_word' id='word_1_257' title='bbox 811 2629 846 2664; x_wconf 90' lang='lat' dir='ltr'>ex</span> <span class='ocrx_word' id='word_1_258' title='bbox 857 2614 938 2676; x_wconf 83' lang='lat' dir='ltr'>edito</span> 
     </span>
    </p>

    <p class='ocr_par' dir='ltr' id='par_1_7' title="bbox 110 2682 941 2818">
     <span class='ocr_line' id='line_1_37' title="bbox 110 2682 938 2749; baseline 0.004 -20"><span class='ocrx_word' id='word_1_259' title='bbox 110 2687 223 2732; x_wconf 72' lang='lat' dir='ltr'>&#39;niente</span> <span class='ocrx_word' id='word_1_260' title='bbox 243 2690 343 2733; x_wconf 87' lang='lat' dir='ltr'>cuncta</span> <span class='ocrx_word' id='word_1_261' title='bbox 361 2687 570 2749; x_wconf 83' lang='lat' dir='ltr'>prospexerant.</span> <span class='ocrx_word' id='word_1_262' title='bbox 606 2682 630 2732; x_wconf 77' lang='lat'>5.</span> <span class='ocrx_word' id='word_1_263' title='bbox 650 2682 747 2749; x_wconf 88' lang='lat' dir='ltr'>ltaque</span> <span class='ocrx_word' id='word_1_264' title='bbox 761 2688 877 2748; x_wconf 87' lang='lat' dir='ltr'>postero</span> <span class='ocrx_word' id='word_1_265' title='bbox 890 2682 938 2732; x_wconf 91' lang='lat' dir='ltr'>die</span> 
     </span>
     <span class='ocr_line' id='line_1_38' title="bbox 128 2749 941 2818; baseline 0.002 -20"><span class='ocrx_word' id='word_1_266' title='bbox 128 2750 230 2800; x_wconf 87' lang='lat' dir='ltr'>misere</span> <span class='ocrx_word' id='word_1_267' title='bbox 241 2751 351 2817; x_wconf 89' lang='lat' dir='ltr'>legatos</span> <span class='ocrx_word' id='word_1_268' title='bbox 361 2750 397 2801; x_wconf 89' lang='lat' dir='ltr'>ad</span> <span class='ocrx_word' id='word_1_269' title='bbox 407 2765 510 2816; x_wconf 83' lang='lat' dir='ltr'>regem,</span> <span class='ocrx_word' id='word_1_270' title='bbox 518 2763 587 2815; x_wconf 91' lang='lat' dir='ltr'>qucs</span> <span class='ocrx_word' id='word_1_271' title='bbox 597 2749 647 2800; x_wconf 94' lang='lat' dir='ltr'>ille</span> <span class='ocrx_word' id='word_1_272' title='bbox 660 2751 787 2818; x_wconf 87' lang='lat' dir='ltr'>protinus</span> <span class='ocrx_word' id='word_1_273' title='bbox 797 2749 882 2800; x_wconf 85' lang='lat' dir='ltr'>iussit</span> <span class='ocrx_word' id='word_1_274' title='bbox 890 2750 941 2800; x_wconf 85' lang='lat' dir='ltr'>ad·</span> 
     </span>
    </p>
   </div>
   <div class='ocr_carea' id='block_1_5' title="bbox 0 0 1046 3042">
    <p class='ocr_par' dir='ltr' id='par_1_8' title="bbox 0 0 1046 3042">
     <span class='ocr_line' id='line_1_39' title="bbox 0 0 1046 3042; baseline 0 2"><span class='ocrx_word' id='word_1_275' title='bbox 0 0 1046 3042; x_wconf 95' lang='lat' dir='ltr'> </span> 
     </span>
    </p>
   </div>
  </div>
 </body>
</html>
