2036 3030
243 172 558 226 SUPPLEMENTA.
574 174 653 227 LlB.
666 176 687 227 1.
708 176 792 228 CAP.
810 176 835 228 9.
905 176 939 229 33

137 277 182 340 tit,
192 281 232 338 ut,
242 289 313 342 quos
323 282 428 340 posset,
441 273 610 326 humanitate
620 283 668 327 aut
679 279 797 343 pecunia
806 279 834 328 in
846 279 939 328 amici-

136 346 205 396 tiam
215 343 343 404 illiceret,
349 349 378 394 et
385 344 518 394 adversus
528 344 697 408 iracundiam
708 345 794 410 patris
805 346 888 397 etiam
899 345 938 396 ai·

138 411 245 464 finitate
265 410 420 476 potentium
447 408 588 462 bominum
607 425 637 460 se
655 413 782 463 muniret.
818 412 843 464 9.
865 413 937 466 Sane

138 478 206 530 olim
212 476 516 545 monueratPhilippus,
527 484 558 529 ut
567 475 732 533 affabilitate
743 480 796 530 sibi
806 481 937 531 concilia·

138 551 182 598 ret
196 543 336 596 hominum
355 545 460 608 studim
479 544 646 612 largitiones
661 552 751 598 autem
767 563 823 598 non
837 563 937 614 usque·

136 627 246 680 quaque
255 611 438 678 probaverat,
455 613 539 662 etiam
549 627 599 678 per
608 612 705 663 literas
714 613 849 680 increpito
860 615 938 664 insti-

137 687 198 731 tuto
218 681 287 742 eius,
308 680 383 748 quod
396 679 620 731 benevolentiam
638 678 754 730 auderet
772 696 884 746 sperare
904 682 938 731 ab

137 746 308 808 hominibus,
322 762 392 813 quos
402 747 563 798 muneribus
576 746 756 811 corrupisset.
790 747 877 809 Falli,
892 749 939 815 qui

136 814 246 882 regium
256 814 285 866 id
313 818 417 866 uiaret:
431 813 552 864 ministri
563 819 592 864 et
602 813 756 870 diribitorio
767 815 887 864 officium
897 831 940 865 es·

137 881 176 933 se.
214 884 255 934 lo.
303 895 380 932 erum
390 895 472 947 quum
484 880 545 946 ipse
559 881 693 946 pecuniae
712 881 803 930 omnia
813 889 939 946 penetra-

136 949 206 1000 bilia
217 950 347 1009 iaetaret,
359 961 446 1014 eaque
456 944 530 999 baud
539 949 629 999 minus
639 961 733 1014 saepe,
754 962 834 1014 quam
846 950 938 1011 armis,

138 1022 279 1077 uteretur,
295 1030 350 1066 non
361 1021 417 1065 tam
425 1021 502 1066 recta
513 1017 701 1082 praecipiendi
713 1017 807 1066 studio
823 1017 863 1066 ita
873 1017 939 1066 scri·

138 1083 230 1149 psisse
241 1083 316 1132 visus
327 1087 382 1144 est,
397 1097 477 1149 quam
488 1088 576 1146 metu,
595 1099 630 1133 ne
644 1082 678 1133 ab
689 1083 869 1134 adolescente
880 1083 938 1134 lilio

138 1151 198 1201 suis
209 1148 314 1200 artibus
325 1156 539 1216 oppugnaretur.
568 1153 607 1201 ll.
624 1151 699 1201 idem
712 1150 939 1218 obiurgaritAle-

136 1217 281 1279 xandrum‚
293 1217 367 1284 quod
377 1216 519 1269 Pexodori
529 1219 623 1280 liliam,
634 1233 714 1285 quarn
724 1218 843 1270 Aridaeo
854 1219 940 1270 desti-

136 1291 252 1336 naverat
262 1292 349 1350 pater,
360 1285 528 1347 ambivisset,
541 1286 717 1352 degenerem,
733 1291 761 1336 et
771 1285 896 1348 fortuna,
911 1286 940 1335 in

134 1353 216 1404 ouius
226 1368 302 1419 spem
313 1352 487 1415 educaretur,
494 1353 639 1422 indignum
649 1353 825 1419 appellando,
836 1355 939 1420 quica-

135 1435 196 1470 rem
205 1420 360 1482 barbarum,
375 1421 549 1487 barbaroque
560 1422 620 1488 rogi
631 1422 795 1486 subiectum,
812 1435 940 1472 socerum

137 1493 256 1554 optaret.
293 1489 332 1538 12.
354 1487 409 1540 Sed
422 1488 496 1554 ipse,
513 1495 544 1540 ut
557 1489 709 1554 potentiam
720 1504 797 1540 suam
808 1490 940 1550 firmaret,
1006 1489 1007 1492 ’

135 1555 240 1606 nullam
253 1555 444 1608 conditionem
455 1573 485 1607 as
506 1562 619 1608 ornatus
630 1564 699 1619 erat,
716 1557 781 1623 quin
797 1571 832 1608 ex
848 1571 936 1622 asper·

135 1624 208 1674 rima
216 1623 344 1673 barbarie
355 1623 466 1689 Illyrias
504 1625 647 1690 eticasqua
659 1625 790 1675 mulieres
800 1625 928 1675 matrimo

110 1737 113 1742 .
134 1691 183 1742 nio
196 1691 336 1756 iungeret:
352 1705 515 1756 quamquam
526 1705 561 1742 ex
570 1691 634 1742 aliis
646 1691 729 1742 etiam
740 1691 874 1742 uxoribus
885 1690 941 1756 pel-

134 1758 236 1810 licibus
257 1771 292 1806 ue
303 1757 459 1822 complures
471 1757 575 1808 liberos
586 1758 766 1822 suscepisset
803 1757 843 1808 13.
859 1757 941 1816 Quod

136 1841 219 1892 quum
228 1772 387 1876 lllexandro
397 1823 544 1874 molestum
560 1823 712 1884 accideret,
728 1823 833 1874 urbane
847 1823 941 1874 adole·

136 1901 260 1944 scentem
273 1891 417 1958 corripuit,
433 1888 572 1953 hortatus,
587 1895 630 1952 ut,
653 1890 757 1942 multos
770 1891 879 1957 imperii
895 1905 939 1941 ae·

136 1961 227 2011 mulos
238 1957 392 2021 habiturus,
404 1973 516 2026 operam
527 1959 616 2019 daret,
637 1973 692 2026 quo
704 1958 831 2016 omnibus
840 1958 941 2008 melior

136 2029 391 2094 praestantiorque,
411 2040 465 2078 non
480 2027 516 2078 ob
530 2025 687 2094 Philippum
706 2031 822 2092 patrem,
842 2026 940 2098 sedex

113 2128 115 2135 ,
136 2111 187 2146 suo
200 2095 310 2154 merito,
321 2109 413 2146 rerum
424 2095 508 2161 potiri
519 2095 669 2147 videretur.
695 2096 735 2146 14.
747 2094 837 2154 Quum
847 2100 938 2145 autem

134 2164 173 2215 ob
191 2161 240 2214 bas
257 2161 418 2228 similesque
435 2178 532 2214 causas
547 2163 646 2214 crebra
663 2163 820 2215 inciderent
837 2162 938 2230 iurgia,

136 2245 188 2281 nec
207 2229 326 2296 abrupta
341 2230 429 2280 semel
441 2230 639 2282 benevolentia
653 2230 709 2282 lido
729 2228 833 2281 affectu
847 2230 938 2281 coale-

136 2303 238 2360 sceret,
259 2297 294 2346 ad
309 2304 434 2350 extreme
447 2298 569 2365 prolapsi
583 2305 660 2360 sunt,
679 2299 830 2364 praecipua
844 2298 938 2365 Olym·

135 2365 225 2430 piaclis
237 2364 380 2428 violentia,
391 2367 418 2416 in
429 2380 484 2432 qua
493 2366 694 2417 contumaciam
706 2381 789 2418 sexus
796 2367 938 2434 ingenium

136 2439 242 2483 vastum
253 2437 282 2482 et
292 2430 441 2484 vehemens
452 2433 526 2484 virili
537 2434 643 2484 scelere
654 2433 682 2483 in
692 2435 840 2487 vindictam
851 2447 937 2484 arma-

136 2499 191 2551 bat.
228 2499 269 2550 15.
288 2499 485 2554 stimulaverat
504 2515 539 2550 ea
558 2500 672 2552 fratrem
692 2501 891 2561 Alexandrum,
907 2504 938 2550 ut

137 2563 265 2635 Philippo
280 2567 386 2620 bellum
403 2567 519 2619 iaceret.
556 2567 586 2618 ld
602 2583 637 2619 ne
652 2568 744 2620 alieno
755 2575 880 2634 tempore
892 2581 937 2616 ex·

134 2634 229 2701 cipere
251 2641 409 2702 cogeretur,
429 2636 547 2687 callidus
566 2649 626 2698 rex,
650 2651 814 2702 quamquem
833 2632 937 2684 viribus

135 2701 207 2822 1)Ιυὶ
220 2709 340 2769 poterat,
357 2703 467 2756 firmate
482 2717 533 2772 per
550 2718 649 2755 novam
667 2704 828 2817 affigimtem
847 2698 939 2764 gratia

216 2785 350 2823 currus.
