2036 3030
106 209 137 259 52
289 202 426 254 lOANN.
449 203 729 256 FRElNSHEMll

106 303 279 364 Cassander,
311 299 451 367 Antipatri
471 302 565 362 lilius,
598 299 709 352 Thebas
732 301 912 355 instauraret.

105 375 145 423 1⁰.
166 369 248 432 Quod
261 368 372 436 quidem
382 384 437 420 non
453 375 509 420 tam
525 369 718 419 misericordia
726 370 754 418 in
775 368 912 436 profugos

105 439 208 490 iecisse
229 436 360 498 creditur,
380 450 461 503 quam
480 442 510 487 ut
520 436 678 499 Alexandri,
701 451 782 503 quern
803 435 912 498 oderat,

105 505 225 575 gloriam
248 505 427 554 detrectaret.
474 503 646 570 Quamquam
670 510 762 553 autem
786 510 912 554 veterem
1008 533 1009 556 ÷

104 586 245 624 murorum
264 571 397 623 ambitum
417 571 480 620 urbi
500 571 682 633 restituisset;
707 584 796 637 neque
816 585 910 622 mores
1008 577 1009 596 ³

105 641 243 706 antiquos,
255 654 344 706 neque
355 637 496 688 fortunam
507 638 625 688 reddere
637 639 737 703 potuit.
763 636 911 704 Nunquam

105 713 204 773 pbstea
213 707 377 768 resurrexit,
396 711 428 756 ut
438 706 662 768 coinvalesceret3
681 705 731 754 sed
741 705 836 755 multis
847 705 911 755 sub-

104 775 169 826 inde
194 774 398 825 calamitatibus
422 781 538 836 venta,
562 773 606 824 vix
624 773 717 822 tenuis
737 773 832 838 oppidi
849 787 910 839 spe·

105 843 175 893 ciem
194 843 229 893 ad
248 843 410 894 memoriam
434 847 558 892 nostram
584 840 704 890 retinuit.
746 841 786 890 ll.
809 839 911 890 Poeni-

103 911 191 961 tuisse
202 917 302 976 postea
311 908 406 959 ferunt
415 907 613 970 Alexandrum,
634 907 707 974 quod
723 906 825 958 excisis
837 904 910 956 The·

104 979 147 1029 bia
159 977 236 1028 velut
246 978 364 1026 alterum
376 974 512 1026 Graeciae
533 975 643 1026 oculum
663 975 794 1025 eruisset:
814 973 910 1040 utique

104 1051 251 1112 postquam
271 1043 338 1094 Cliti
361 1042 492 1104 caedem,
512 1047 541 1092 et
557 1043 742 1093 Macedonum
760 1042 909 1109 ignaviam,

105 1112 312 1179 expeditionem
322 1109 351 1160 in
360 1109 514 1174 penitiores
528 1109 612 1160 indos
633 1111 813 1176 pertinaciter
832 1125 911 1160 recu-

105 1181 235 1239 santium,
245 1179 315 1227 iram
326 1176 423 1228 Liberi
433 1177 520 1242 patris
532 1179 730 1244 interpretatus
752 1184 803 1240 est,
822 1177 857 1227 ob
872 1177 911 1226 af-

106 1245 210 1296 flictam
220 1246 339 1311 patriam
350 1245 488 1295 eiusmodi
498 1259 602 1310 poenas
618 1245 778 1310 repetentis.
817 1247 857 1296 12.
876 1247 914 1296 Et

106 1313 212 1379 reperti
232 1317 305 1375 sunt,
327 1311 373 1379 qui
383 1312 472 1377 ipsam
482 1313 557 1379 regis
569 1317 696 1373 mortem,
716 1328 771 1363 non
782 1311 842 1362 sine
855 1315 913 1364 vin·

107 1379 183 1430 dicta
204 1377 316 1440 Bacchi,
339 1378 373 1428 ab
390 1378 526 1430 ebrietate
537 1385 565 1430 et
575 1382 638 1431 vino
650 1379 804 1445 proiectam
816 1381 912 1432 crede-

105 1453 175 1498 rent
212 1447 252 1498 13.
272 1447 324 1498 His
335 1447 375 1497 ita
385 1447 565 1513 perpetratis,
585 1446 710 1499 Athenas
730 1449 821 1510 misit,
844 1467 912 1499 nun-

105 1517 212 1577 tiatum,
232 1520 263 1576 ut
282 1522 419 1576 oratores,
440 1515 485 1582 qui
495 1515 627 1582 populum
638 1516 770 1567 adversus
781 1517 913 1568 Macedo·

106 1597 156 1633 nas
175 1583 316 1633 concitare
335 1597 391 1632 non
412 1581 583 1645 desinerent,
606 1583 796 1646 traderentur;
822 1592 870 1634 aut
889 1585 915 1636 si

105 1649 171 1702 illos
182 1650 310 1701 amittere
322 1656 512 1717 gravarentur,
527 1652 625 1720 eadem
635 1652 823 1702 contumaciae
835 1667 914 1718 prae·

104 1718 162 1768 mia
182 1723 384 1784 exspectarent,
406 1731 522 1786 quorum
542 1719 697 1786 exemplum
718 1719 746 1769 in
766 1717 913 1770 Thebano·

104 1801 166 1837 rum
192 1786 350 1840 calamitate
376 1787 579 1852 conspicerent.
618 1786 658 1837 lt.
677 1785 718 1836 lbi
738 1802 821 1854 quum
840 1786 913 1838 Pho-

106 1855 262 1918 clanculus
272 1855 307 1904 ob
317 1855 507 1922 integritatem
520 1855 593 1906 vitae
604 1855 724 1904 niaxima
735 1855 770 1904 ad
781 1853 914 1922 populum

106 1923 258 1973 auctoritas
279 1928 348 1983 erat,
368 1937 424 1974 non
442 1922 609 1972 irritandum
628 1921 913 1974 adolescentisricto-
1006 1933 1007 1952 ¹

105 1990 199 2056 risque
211 1989 330 2040 animum
344 1989 460 2050 diceret,
481 1987 640 2039 hortaretur
660 2003 695 2039 ue
708 2004 766 2052 eos,
787 1989 822 2040 ad
861 2004 914 2040 uos

105 2057 259 2172 periculum
274 2056 394 2106 maxime
414 2055 581 2121 pertinebat,
603 2061 633 2106 ut
678 2055 704 2106 ei
734 2063 762 2108 et
780 2057 852 2108 Erec
874 2059 914 2107 tei

125 2124 177 2174 lias
189 2123 304 2185 imitati,
325 2122 451 2188 spiritum
461 2134 512 2187 pro
523 2123 631 2189 patriae
641 2124 731 2175 salute
741 2122 913 2190 profundere

105 2206 139 2242 ne
160 2191 336 2244 dubitarent:
373 2189 414 2238 15.
432 2189 657 2254 Demosthenes,
681 2192 729 2257 qui
749 2191 914 2242 nominatim

104 2259 260 2323 petebatur,
281 2257 412 2319 surrexit,
436 2258 596 2326 docuitque,
615 2258 698 2322 „falli
717 2257 914 2321 Athenienses,

104 2325 130 2375 si
146 2339 298 2389 paucorum
317 2324 460 2376 deditione
478 2327 604 2394 periculo
624 2326 740 2394 defungi
752 2341 837 2394 posse
853 2340 913 2378 cre-

106 2391 217 2442 derent:
236 2391 355 2442 callidos
366 2391 536 2452 Macedonas
548 2408 597 2446 eos
609 2407 773 2462 exposcere,
795 2406 914 2462 quorum

105 2458 278 2526 vigilantiam
297 2465 379 2525 atque
400 2461 531 2512 virtutem
548 2463 667 2514 maxime
681 2461 801 2513 inrisam
816 2475 913 2528 suspe-

105 2532 232 2594 ctamque
253 2525 400 2579 haberent:
420 2530 520 2580 amotis
531 2529 659 2596 publicae
669 2527 808 2580 libertatis
820 2535 913 2581 custo·

105 2594 195 2657 dibus,
216 2595 243 2646 ln
256 2593 351 2646 orbam
365 2595 595 2664 indefensamque
610 2595 760 2658 civitatem,
780 2601 913 2666 tanquam

104 2661 187 2728 lupos
198 2663 226 2714 in
239 2677 305 2716 oves
318 2664 432 2714 canibus
456 2661 615 2726 destitutas,
633 2661 671 2714 lm
692 2668 767 2714 etum
786 2663 912 2716 facturos

105 2733 206 2782 esre.“
247 2729 286 2784 ld.
307 2729 397 2784 Multa
417 2733 594 2782 commiserat
611 2729 641 2780 in
697 2731 837 2784 acedonas
855 2729 911 2783 De·
