2082 3042
281 233 447 284 ,LIBER
476 233 557 284 vlu.
587 234 685 285 CAP.
713 237 738 288 7.
767 237 809 286 8.,
899 231 943 286 im
1032 249 1033 252 ’

140 333 333 404 persequimur.
370 335 410 386 13.
429 307 474 386 ΙΊέι
488 333 651 394 Macedonas
670 336 777 388 voluisti
791 351 883 405 genua
898 329 945 386 liii

139 418 251 470 ponere,
265 401 438 470 venerarique
448 410 473 453 te
483 410 514 453 ut
523 401 624 454 Deum.-
639 409 668 452 tu
679 401 829 470 Philippum
837 412 944 472 patrem
1032 401 1033 408 ’

141 468 281 530 aversaris,
293 477 320 520 et
328 469 352 520 si
380 469 419 520 ais
429 467 550 520 Deorum
561 477 624 520 ante
634 467 724 523 lovem
733 469 887 533 deberetur,
893 469 942 550 fa·

140 534 246 587 etidires
262 535 341 588 eliam
354 487 454 588 fouens.
491 537 532 587 14.
551 534 676 596 Miraris,
696 535 720 585 si
733 535 810 587 liberi
828 538 943 594 domines
1032 591 1033 598 ,

141 602 291 669 superbiam
301 602 458 673 tuamferre
468 619 522 654 non
531 603 688 670 possumus?
727 601 798 665 Quid
811 619 944 670 speramus

142 685 175 721 ea
185 677 221 732 te,
239 670 331 737 quidus
346 680 395 722 aut
402 669 550 722 insontibus
561 669 727 721 moriendum
737 679 789 730 est,
806 678 862 730 aut,
877 669 944 737 qaod

141 736 244 790 tristius
254 747 340 790 morte
350 745 398 801 cst,
406 737 436 788 in
445 736 570 788 seruitute
579 737 734 788 aioendami
769 739 809 788 15.
830 733 873 788 Ta
891 738 946 804 qui-

141 804 210 867 dem,
230 804 255 856 si
269 803 407 856 emendari
415 811 506 870 potes,
521 805 630 864 multum
646 803 713 872 milei
725 803 808 856 debes.
844 803 892 854 En
907 820 947 856 me

140 871 209 923 enirn
228 871 297 923 scire
312 871 435 938 coepisti,
456 870 521 938 qaid
531 870 643 939 ingenui
662 871 780 922 domines
792 870 874 939 ferre
893 887 946 925 non

136 947 254 1006 possent.
291 936 334 989 De
352 946 439 991 cetero
449 954 544 1005 parce,
576 953 670 989 uorum
685 939 946 990 oriamsenectutem

139 1003 274 1073 suppliciis
293 1021 326 1055 ne
348 1005 508 1056 oneraveris.
544 955 600 1058 laos
614 1005 674 1057 iude
689 1005 757 1068 duci,
773 1014 811 1067 ut,
831 1005 902 1072 qaod
915 1021 947 1059 en

140 1081 187 1122 tua
197 1079 283 1122 morte
288 1071 461 1138 petieramus,
472 1089 664 1140 consequamur
675 1090 708 1126 esc
716 1081 818 1125 nostra.

143 1142 144 1146 ’
191 1139 264 1191 Vlll.
278 1139 357 1191 Haeo
367 1139 543 1192 Hermolaus.
571 1141 610 1191 At
619 1156 682 1194 rex:
705 1139 873 1207 Quanefalsa
882 1131 944 1202 sint,
1032 1133 1033 1136 '

140 1206 238 1274 inquit,
250 1223 317 1274 qaae
326 1206 376 1258 iste
385 1207 487 1259 tradita
498 1223 514 1258 a
526 1207 713 1276 magistratus
726 1207 802 1270 dixit,
811 1205 947 1274 patientia

139 1289 198 1325 mea
209 1273 331 1326 ostendit.
358 1277 382 1324 2.
402 1274 557 1344 Confessum
567 1275 636 1328 enim
646 1274 892 1344 udimumfncinm,
905 1283 945 1326 ta·
1032 1309 1033 1314 =

140 1357 198 1392 neon
207 1349 239 1392 at
247 1357 292 1393 oos
305 1355 419 1410 qaoque,
431 1359 485 1394 non
494 1344 577 1395 solum
586 1343 654 1410 ipse,
667 1342 806 1404 audiretis,
819 1341 945 1409 expressi,

138 1425 192 1460 oon
200 1407 365 1475 imprudens,
388 1425 467 1476 quum
476 1410 655 1478 permisissem
664 1411 726 1463 leuia
735 1409 837 1462 latroni
846 1409 941 1469 dicem,

137 1491 248 1526 usurum
258 1491 316 1526 eum
327 1476 409 1538 rabie,
445 1492 479 1526 ua
490 1479 636 1543 compulsus
647 1487 693 1539 est,
705 1487 735 1528 ut
745 1493 794 1539 nte,
810 1493 885 1544 quem
892 1492 941 1544 pq-

138 1542 221 1592 rentis
241 1543 299 1592 laco
318 1543 403 1593 colere
435 1543 530 1604 cieret,
550 1545 624 1593 uellet
640 1544 767 1594 occidere.
804 1545 827 1594 3.
851 1542 943 1608 Nuper
1032 1553 1033 1556 ’

140 1624 219 1676 quum
229 1607 374 1674 procacius
386 1624 413 1658 se
429 1607 457 1658 in
466 1609 605 1660 uenatione
613 1609 749 1676 gessisset,
770 1624 844 1658 more
850 1608 943 1674 patrio
1032 1621 1033 1624 ’

139 1684 166 1725 et
178 1674 212 1724 ai
228 1671 418 1740 antiquissimis
434 1671 609 1726 Macedoniae
622 1675 730 1741 regibus
742 1682 871 1742 usurpato
886 1691 945 1732 eum

138 1740 273 1809 castigari
280 1740 352 1791 iussi.
372 1739 449 1792 “Hoc
460 1749 487 1791 et
496 1740 679 1810 oportetfieri,
695 1751 729 1802 ct,
745 1750 776 1792 at
785 1758 801 1791 a
813 1739 945 1792 tutoribus

134 1809 239 1876 pupilli,
252 1825 268 1859 a
279 1807 383 1859 maritis
393 1823 497 1869 uxores,
503 1809 584 1859 seroie
588 1824 646 1924 quo
668 1823 804 1875 uepueros
814 1805 892 1858 iuius
901 1823 944 1862 ae-

138 1875 202 1928 tatis
217 1875 359 1927 uerberare
379 1874 552 1926 concedimus.

137 1943 223 2011 ipsum
237 1959 304 2006 meo,
325 1959 404 2010 qnam
416 1941 500 2009 impia
515 1941 594 1994 caede
608 1941 800 1993 voluitulcisci.
837 1939 946 1992 Nomia

139 2019 249 2071 eeteros,
262 2009 309 2077 qai
318 2010 385 2061 midi
390 2009 551 2078 permittunt
561 2009 603 2060 uti
610 2008 719 2078 ingenio
730 2025 796 2073 meo,
809 2023 888 2076 quam
898 2009 945 2060 mi-

138 2077 173 2128 tis
183 2076 247 2139 eim,
263 2076 474 2144 nonignoratis,
495 2086 521 2128 et
537 2093 744 2129 commemorare
753 2091 945 2142 supervacuum

138 2153 185 2197 est.
220 2145 244 2194 i.
264 2136 411 2194 Hermolao
418 2143 619 2211 parricidarum
632 2143 762 2212 supplicia
774 2159 828 2194 non
841 2142 941 2208 proia-

138 2213 171 2274 ri,
185 2227 264 2281 quum
274 2211 365 2270 eadem
374 2209 429 2278 ipse
439 2211 573 2273 meruerit,
584 2211 690 2264 minime
698 2211 802 2262 loercule
814 2209 941 2261 admiror.

665 1891 713 1926 aec
731 1882 771 1924 eet
786 1873 898 1927 saeuitia
917 1875 946 1927 in
1032 1903 1033 1938 3

139 2277 209 2331 Nom
220 2295 299 2346 quum
309 2276 514 2330 Parmenionem
524 2287 550 2330 et
560 2279 696 2330 Pdilotom
705 2277 806 2340 laudat,
816 2293 879 2330 suae
888 2294 942 2330 ser·
1032 2291 1033 2294 ’

138 2346 177 2399 rit,
185 2362 289 2398 causae.
322 2345 346 2396 6.
358 2345 508 2412 Lyncesten
516 2361 579 2398 uero
590 2346 772 2397 Alexandrum
785 2344 823 2397 ln‘s
833 2343 941 2398 insidia-

138 2413 285 2480 tamcapiti
294 2429 350 2464 mea
362 2429 379 2464 a
390 2411 490 2464 duobus
500 2411 605 2464 iudiciis
621 2411 744 2464 liberari:
764 2429 869 2465 rarsam
880 2430 941 2466 con·

137 2479 245 2542 siolum,
253 2497 302 2549 per
313 2479 446 2532 biennium
456 2487 544 2534 lamen
555 2480 646 2533 distuli
649 2498 661 2542 ;
677 2480 759 2532 donec
770 2497 815 2532 oos
820 2480 941 2548 postula-

137 2546 211 2610 retis,
227 2547 373 2600 uttandem
385 2547 471 2598 debito
481 2547 609 2614 supplicio
625 2548 707 2599 saclas
721 2549 812 2600 lueret.
848 2548 875 2596 ¹l.
893 2545 942 2598 Ae·

137 2615 229 2677 turdum,
247 2625 389 2682 antequam
404 2631 554 2680 reuessem,
572 2616 673 2668 loostem
689 2632 747 2668 meo
763 2610 943 2694 copitisuisse

136 2681 299 2736 murrinistis.
330 2678 944 2751 Clitusatinamnoncoi'gissetmesiliirasei5

136 2749 211 2804 auius
221 2749 389 2800 temerariam
400 2749 633 2818 linguam,prodra
645 2751 773 2803 dicentem
782 2747 850 2800 midi
859 2757 887 2800 et
898 2762 942 2800 oo·

974 2913 1012 2952 Α
1032 2903 1033 2952 l
