2054 3030
98 155 147 206 114
314 153 485 217 QUINTI
516 155 681 207 CURTll

91 260 149 328 'que
160 262 295 323 perpetuo
305 256 372 322 iugo
384 258 486 307 montis
498 258 590 324 asperi
605 272 638 308 ac
647 258 788 324 praerupti
799 259 905 314 Cilicia

95 325 259 386 includitur;
281 325 450 390 quodquam
467 325 568 374 amari
582 325 723 391 adsurgat,
741 327 829 377 veluti
836 331 905 381 sinu

96 393 215 458 quodam
234 390 364 458 flexuque
383 400 534 454 curvatum,
555 407 650 442 rursus
667 393 756 443 altero
771 399 904 447 cornuin

97 461 235 510 diversum
257 460 323 509 litus
344 461 476 510 excurrit.
511 462 536 508 7.
556 459 611 511 Per
630 457 683 510 hoc
704 459 826 524 dorsum,
846 479 904 529 qua

96 528 214 587 maxime
228 529 378 578 introrsum
393 527 464 577 mari
482 527 564 588 cedit,
585 529 677 592 asperi
692 532 749 578 tr'es
765 530 857 580 aditus
872 539 904 582 et

94 598 257 662 perangusti
274 601 351 658 sunt3
373 609 488 661 quorum
507 609 562 644 uno
577 595 676 645 Cilicia
693 595 822 648 intranda
841 606 901 662 est3

95 665 258 730 campestris
279 662 390 724 eadem,
410 677 464 729 qua
484 662 575 730 vergit
594 662 627 712 ad
647 677 735 724 mare,
754 664 903 730 planitiem

95 731 154 780 eius
166 732 270 782 crebris
288 730 523 797 distinguentibus
536 731 616 780 rivis:
637 729 773 796 Pyramus
788 738 816 782 et
827 732 902 798 cyd-

94 815 155 860 nus,
174 799 275 866 inclyti
295 812 400 858 amnes,
421 796 518 848 fluunt.
555 797 579 848 8.
599 798 711 863 Cydnus
731 814 788 849 non
806 801 904 867 spatio

95 882 226 934 aquarum
236 866 284 917 sed
295 865 404 931 liquore
415 865 615 916 memorabilis:
630 865 730 932 quippe
741 867 796 917 leni
808 872 903 918 tractu

97 951 113 984 a
122 933 246 992 lontibus
257 933 362 990 labens,
374 947 443 998 puro
456 933 518 982 solo
532 933 681 998 excipitur:
694 948 746 983 nec
756 940 900 986 torrentes

94 1004 250 1062 incurrunt,
266 1000 313 1065 qui
327 999 436 1065 placide
447 1001 584 1049 manantis
595 1000 703 1050 alveum
714 1003 836 1054 turbent.
873 1003 898 1053 9.

94 1070 190 1138 ltaque
209 1072 396 1132 incorruptus,
416 1066 544 1131 idemque
565 1066 773 1133 frigidissimus,
796 1073 899 1136 quippe

94 1140 181 1190 multa
190 1138 311 1202 riparum
323 1136 490 1184 amoenitate
501 1135 682 1198 inumbratos,
696 1136 799 1203 ubique
813 1137 897 1189 lonti-

95 1209 145 1256 bus
159 1205 217 1254 suis
229 1200 328 1253 similis
342 1201 370 1251 in
384 1215 459 1250 mare
474 1202 574 1253 evadit.
612 1204 652 1254 lo.
671 1203 799 1255 Multain
811 1214 845 1257 aa
855 1220 900 1257 re·

114 1275 178 1322 ione
191 1275 370 1320 monumenta
382 1268 495 1335 vulgata
509 1269 678 1322 carminibus
691 1277 817 1328 vetustas
832 1287 898 1325 exe·

94 1290 182 1390 derat.
218 1336 446 1388 Monstrabantur
464 1337 574 1388 urbium
593 1337 692 1402 sedes,
711 1337 849 1406 Lyrnessi
869 1348 898 1391 et

94 1404 218 1470 Thebes3
235 1402 379 1471 Typhonis
395 1419 504 1471 quoque
518 1421 631 1473 specus,
652 1412 681 1457 et
690 1407 840 1474 Corycium
851 1425 900 1460 ne-

93 1490 164 1536 mus,
174 1474 222 1525 ubi
233 1487 345 1522 crocum
356 1471 492 1538 gignitum
504 1480 661 1540 ceteraque,
676 1474 705 1524 in
717 1476 816 1541 quibus
827 1475 897 1527 nihil

92 1548 205 1610 praeter
216 1539 317 1592 famam
328 1539 482 1591 duraverat.
519 1543 559 1592 11.
576 1540 737 1594 Alexander
749 1541 847 1594 fauces
856 1546 899 1594 iu·

93 1612 133 1678 gi,
149 1624 218 1677 quae
233 1608 321 1674 Pylae
332 1607 516 1674 appellantur,
526 1609 649 1661 intravit.
685 1610 899 1676 Contemplatus

92 1679 218 1728 locorum
239 1679 330 1737 situm,
351 1690 406 1727 non
426 1676 496 1728 alias
516 1679 604 1744 magis
625 1677 727 1729 dicitur
745 1679 901 1730 admiratus

93 1761 155 1798 esse
167 1745 330 1797 felicitatem
342 1759 431 1794 suam:
445 1744 526 1796 obrui
535 1745 660 1812 potuisse
671 1745 717 1796 vel
727 1746 801 1796 saxis
812 1747 901 1796 confi-

93 1815 212 1877 tebatur,
232 1813 256 1864 si
276 1811 403 1874 fuissent,
425 1815 472 1880 qui
488 1813 518 1863 in
531 1813 682 1864 subeuntes
698 1813 899 1881 propellerent.

93 1885 133 1933 12.
160 1883 217 1933 lter
234 1883 282 1932 vix
301 1888 451 1947 quaternos
472 1880 601 1946 capiebat
619 1888 753 1931 armatos:
783 1882 899 1933 dorsum

91 1951 194 2000 montis
204 1947 365 2000 imminebat
374 1948 446 2010 riae,
460 1963 516 2000 non
528 1952 663 2015 angustae
674 1949 767 2012 modo,
778 1949 828 2000 sed
839 1949 900 2016 ple·

90 2031 206 2085 rumque
225 2022 406 2082 praeruptae,
422 2016 527 2066 crebris
541 2017 736 2068 oberrantibus
751 2018 827 2078 rivis,
849 2019 900 2085 qui

92 2101 127 2136 ex
144 2085 285 2136 radicibus
299 2082 434 2134 montium
448 2088 568 2134 manant.
604 2083 644 2134 13.
664 2083 790 2136 Thracas
802 2092 899 2135 tamen

90 2153 191 2204 leviter
201 2157 324 2203 armatos
335 2150 504 2216 praecedere
514 2150 644 2213 iusserat,
656 2153 829 2220 scrutarique
841 2153 900 2203 cal-

89 2220 143 2283 les,
156 2237 191 2272 ne
203 2221 329 2271 occultus
343 2216 433 2268 hostis
444 2219 472 2268 in
484 2218 634 2271 subeuntes
645 2227 810 2288 erumperet.
848 2219 900 2272 Sa·

90 2288 267 2354 gittariorum
287 2301 397 2353 quoque
417 2302 512 2337 manus
527 2293 712 2354 occupaverat
729 2289 836 2355 iugum:
856 2287 899 2338 in-

90 2358 184 2406 tentos
195 2370 275 2405 arcus
288 2353 440 2416 habebant,
455 2355 569 2417 moniti,
587 2369 642 2404 non
657 2355 711 2406 iter
724 2357 802 2421 ipsos
813 2356 899 2418 inire,

90 2420 140 2474 sed
151 2423 296 2486 proelium.
332 2422 372 2472 14.
391 2421 455 2474 Hoc
465 2421 548 2473 modo
560 2437 658 2489 agmen
669 2422 839 2490 pervenitad
852 2438 900 2474 ur·

88 2491 153 2542 bern
174 2491 295 2551 Tarson,
315 2491 361 2541 cui
379 2495 437 2541 turn
450 2492 569 2542 maxime
585 2490 689 2540 Persae
710 2489 899 2540 subiiciebant

88 2558 191 2627 ignem,
203 2573 237 2609 ne
251 2559 438 2622 opulentumo
459 2557 552 2623 pidum
563 2557 652 2608 nostis
662 2557 814 2607 invaderet.
853 2557 895 2606 15.

89 2627 124 2676 At
137 2626 195 2688 ille,
214 2625 398 2676 Parmenione
417 2574 457 2674 ad)
467 2623 645 2674 inhibendum
658 2625 817 2674 incendium
830 2638 895 2673 cum

90 2694 222 2758 expedita
230 2707 313 2743 manu
323 2692 490 2774 praemisso,
510 2689 693 2757 posteaquam
702 2691 836 2740 barbaros
848 2690 897 2739 ad-
