2082 3042
291 210 438 261 LIBER
465 210 530 262 vll.
560 211 653 262 CAP.
682 213 707 264 5.
845 212 895 262 283

95 328 177 381 quum
186 313 216 362 in
226 325 320 378 regem
330 311 504 373 incidissent,
525 312 597 363 alter
608 313 696 374 exiis,
713 320 774 365 utre
785 314 894 366 resolu-

11 387 12 400 ’
96 387 134 440 to,
154 394 214 440 vos,
235 379 308 445 quod
319 379 401 447 simul
410 378 528 443 ferebat,
544 379 651 444 implet,
665 383 811 448 porrigens
822 384 891 449 regi.

95 447 145 498 lile
158 446 272 512 ancipit:
291 453 479 512 percontatur,
500 446 599 511 quibus
619 455 891 512 aquamportsrcnt:

11 519 12 568 ζ
96 513 161 564 titiis
172 511 246 563 ferre
257 515 410 580 cognoscit.
448 514 487 564 12.
506 515 594 576 Tunc,
606 513 707 579 poculo
717 514 809 578 picno,
821 518 893 566 sicut

96 581 220 632 oblatum
230 585 281 642 est,
301 580 423 643 reddito,
443 577 587 642 Necsoiur,
600 580 700 647 inquit,
719 579 891 632 ditescenti-

95 664 143 698 neo
149 663 162 708 ,·
173 662 221 698 occ
230 655 285 698 tam
296 647 422 716 erigerum
432 644 547 699 dividere
557 647 678 698 omnibus
684 661 801 713 possum.
841 645 896 712 Vct

95 712 203 775 currite,
224 722 253 765 et
263 713 351 766 libem
365 714 466 776 cestris,
487 713 558 781 quod
566 723 680 783 propter
688 713 748 764 illos
757 713 891 775 austum,

95 781 166 842 dote.v
199 782 239 832 13:
258 782 384 834 Tandem
404 782 440 830 ad
459 779 560 831 flumen
581 782 669 832 Oxum
688 784 748 847 ipse
767 781 894 847 pervenit

94 851 182 916 prima
191 847 251 899 fere
261 863 388 914 vespera.
424 847 479 899 Sed
494 849 633 904 exercitus
650 863 828 915 magnnpars
838 861 893 898 non

94 921 224 982 potuerat
237 916 383 981 consequi:
403 915 522 966 inedito
536 921 630 966 monte
645 915 725 982 ignes
735 915 814 966 iubet
822 915 893 975 fieri,

93 989 125 1033 ut
133 983 163 1044 ii,
184 984 231 1050 qui
241 997 326 1049 aegre
336 982 531 1047 sequebantur,
551 981 624 1048 haud
637 982 735 1050 procul
749 983 849 1033 cestris
862 997 893 1032 se

93 1050 193 1099 abesse
216 1055 428 1116 cognoscerent.
474 1049 514 1100 lt.
543 1049 600 1101 Eos
619 1057 725 1111 eutem,
746 1049 793 1116 qui
812 1049 892 1116 primi

93 1117 212 1181 agminis
224 1122 310 1178 eraut,
330 1121 436 1168 mature
448 1117 510 1166 cibo
522 1132 554 1167 ac
565 1119 679 1183 potione
691 1117 825 1179 firmatos,
844 1117 893 1166 im-

91 1183 172 1251 plere
183 1184 254 1235 alios
265 1191 351 1244 utres,
362 1183 434 1235 ulios
443 1197 518 1248 resa,
529 1185 737 1252 quibuscunque
748 1199 820 1252 aqua
830 1199 892 1250 pos-

91 1260 137 1302 set
146 1251 269 1318 portori,¹
279 1251 372 1313 iussit,
392 1266 425 1302 ac
438 1251 496 1302 suis
511 1267 590 1318 opem
600 1251 683 1304 ferre.
721 1251 761 1302 le.
779 1251 836 1303 Sed
846 1251 892 1320 qui

90 1320 320 1384 intemperantius
331 1317 491 1394 hauserant,
511 1321 664 1371 intercluso
679 1320 779 1386 spiritu
789 1321 892 1370 exstin-

89 1385 130 1438 cti
141 1392 217 1436 sunt:
236 1386 379 1453 multoque
390 1387 478 1437 nroior
489 1384 587 1439 horum
597 1402 726 1439 numerus
735 1385 798 1448 fuit,
810 1402 891 1454 quam

91 1453 150 1503 ullo
161 1454 419 1518 amiseratproelio.
457 1454 496 1504 16.
516 1455 620 1517 Atille,
638 1453 783 1505 thoracem
800 1453 889 1505 adhoc
943 1464 947 1470 “

90 1519 213 1581 indutus,
224 1534 275 1570 nec
285 1527 334 1570 aut
344 1520 406 1570 cibo
417 1519 539 1570 refectus
549 1527 598 1571 out
606 1527 687 1586 potu,
699 1536 754 1586 qus
762 1521 891 1571 veniebat

89 1587 241 1647 exercitus,
262 1588 401 1636 constitit:
421 1601 473 1636 nec
492 1593 556 1637 unte
574 1587 608 1643 sd
623 1587 772 1638 curandum
789 1601 890 1652 corpus

89 1652 223 1714 recessit,
233 1666 315 1716 quum
324 1653 539 1716 praeterierunt,
550 1654 597 1718 qui
610 1650 727 1719 [ultimi]
738 1667 838 1719 agmen
849 1667 891 1702 se-

90 1720 259 1788 quebantur:
279 1724 421 1786 totamque
432 1733 492 1768 eam
503 1727 613 1769 noctem
625 1735 685 1769 cum
695 1735 797 1785 magno
808 1720 892 1768 animi

11 1807 12 1810 ¹
89 1794 169 1848 mortu
187 1786 329 1853 perpetuis
348 1785 453 1852 vigiliis
474 1787 540 1852 egit.
577 1786 618 1835 lt.
637 1785 695 1836 Nec
714 1791 829 1851 postero
847 1786 891 1836 die

11 1863 12 1870 ’
89 1856 195 1906 lsetior
206 1860 274 1915 erat,
286 1853 351 1920 quia
360 1866 412 1903 nec
421 1852 534 1920 navigia
544 1851 730 1914 habcbstnec
740 1866 810 1918 pons
822 1852 893 1918 erigi

11 1921 13 1950 ³
88 1927 211 1989 poterat,
232 1921 445 1988 circumquaque
456 1921 529 1971 nudo
545 1920 621 1982 solo,
641 1919 796 1971 etmaterio
807 1921 892 1968 maxi-

88 2005 134 2040 me
146 1988 244 2039 sterili.
280 1989 433 2041 consilium
444 1988 539 2055 igitur,
559 1987 634 2056 quod
645 2003 727 2038 unum
738 1987 891 2038 necessitas

11 2079 12 2112 3
88 2057 257 2117 subiecerat,
268 2056 329 2106 init.
358 2057 397 2106 18.
412 2056 495 2107 Utres
506 2056 721 2123 quamplurimos
732 2053 891 2106 stramentis

86 2123 211 2176 refertos
222 2123 329 2174 dividit.
342 2125 394 2174 His
406 2123 569 2174 incubantes
580 2131 759 2174 transnavere
770 2135 891 2170 amnem:

11 2207 12 2260 ζ
88 2193 192 2259 quique
203 2191 284 2258 primi
293 2193 469 2252 transierant,
490 2191 518 2240 in
529 2194 649 2242 statione
661 2196 749 2248 erant,
763 2188 827 2238 dum
838 2192 891 2237 trs-
951 2213 955 2221 ·

11 2275 12 2328 q
87 2259 209 2310 iicercnt
219 2259 316 2310 ceteri.
347 2257 411 2308 Hoc
422 2258 504 2308 modo
516 2265 597 2310 sexto
609 2259 717 2308 domum
729 2255 774 2306 dic
783 2255 812 2304 in
822 2253 890 2306 ulte-

11 2355 12 2368 ι
87 2327 236 2395 riorefripa
246 2334 335 2377 totum
344 2326 496 2376 exercitum
507 2328 646 2390 exposuit.
682 2323 722 2375 19.
734 2323 846 2388 lamque
855 2323 891 2373 ad

11 2407 13 2456 s
86 2394 312 2460 persequendum
321 2393 438 2442 Bessum
450 2398 586 2443 statuerat
596 2390 742 2459 progredi,
755 2405 837 2456 quum
847 2404 890 2451 eu,

11 2465 12 2490 ³
86 2475 163 2528 quae
183 2462 210 2510 in
222 2459 372 2529 Sogdianis
393 2457 482 2526 [acta]
505 2465 592 2520 erant,
612 2458 766 2526 cognoscit.
802 2456 890 2522 Spita-

86 2541 186 2590 menes
206 2534 265 2579 erat
283 2529 357 2579 inter
377 2543 472 2578 omncs
492 2528 597 2578 anticos
614 2525 764 2592 praecipuo
782 2521 891 2574 honore

85 2596 181 2646 cultus
193 2610 210 2645 a
218 2595 317 2648 Besso.
353 2598 394 2645 2⁰.
415 2593 470 2646 Sed
481 2594 564 2644 nullis
574 2594 681 2644 meritis
693 2592 810 2659 perfidis
819 2591 891 2641 miti-

86 2665 151 2730 gari
163 2669 270 2728 potest:
292 2677 362 2728 quac
378 2663 534 2712 ismeniam
545 2662 635 2712 minus
645 2661 672 2711 in
684 2676 717 2711 cc
727 2661 819 2710 inviso
828 2671 890 2708 esse

86 2736 215 2810 poterut,
227 2729 292 2795 quia
302 2727 370 2780 nihil
380 2729 431 2780 ulli
441 2729 520 2782 nefus
532 2737 588 2780 tum
600 2730 629 2780 in
637 2728 768 2788 Bessum,
778 2722 891 2776 interic-
