2036 3030
181 226 504 279 SUPPLEMENTA.
525 228 601 278 LIB.
620 228 640 278 1.
662 227 750 292 CAR.
769 229 795 278 1.
848 230 880 278 22

67 328 118 380 nis
134 343 194 378 reus
210 337 284 390 esset,
304 327 377 380 iilum
391 329 496 392 tuendo,
513 329 721 396 propugnando,
742 329 843 395 tegibus
857 339 881 379 et

62 395 169 464 poenis
180 394 444 462 eripiendo,uestrum
455 397 593 465 negotium
603 397 730 474 ageretis:
740 395 882 447 nuncatios

67 463 243 525 accusando,
263 462 292 513 in
311 479 356 515 uos
374 463 533 515 sententium
552 463 647 514 dicitis.
692 465 731 522 l't.
763 462 883 527 Quodsi

66 530 182 650 ‹iprnari
198 546 323 597 quorsum
337 547 368 582 ea
383 548 425 582 res
434 531 592 598 pertineret,
609 530 639 580 id
652 531 800 593 admisistis,
816 547 882 598 pru-

88 597 195 649 entiam
205 597 233 656 in
243 597 316 649 uobis
326 616 355 650 re
374 599 434 650 uiro
438 615 451 660 ,·
470 599 612 650 siscientes
620 599 823 666 prudentesque,
839 615 881 649 oe-

67 665 240 718 recundiam.
279 668 318 717 18.
364 684 394 717 ro
415 682 485 727 mea,
506 666 602 733 quique
623 664 652 715 in
669 666 763 716 eadem
782 681 882 717 mecum

65 749 159 784 eausa
168 741 239 796 eunt,
255 733 410 788 innocentia
419 732 568 802 suffecerit,
586 732 658 800 quod
669 748 716 782 nos
727 747 744 782 a
758 731 881 800 Pttttppo

66 800 146 851 nibil
158 801 288 868 accepisse
301 799 353 869 ipsi
359 799 501 918 {utemini
537 799 592 850 Nec
606 798 688 861 euim,
702 798 727 850 si
741 799 880 878 puidpeti-

66 869 209 931 oisscauus,
228 884 326 920 uacuos
340 884 357 918 a
375 867 416 918 ire
427 882 521 933 partus
535 875 602 918 esset
614 866 809 919 liberalissimus
825 883 880 928 rex,

65 945 102 986 ut
112 951 132 986 a
143 935 218 986 oobis
229 935 335 1002 quidem
339 935 524 1002 praedicatur.
561 934 605 984 An
621 933 667 1001 qui
679 950 724 985 ros
734 934 881 1002 corrupisse

65 1019 174 1071 operae
185 1002 305 1070 pretium
315 1000 435 1069 putauit,
455 1002 543 1063 nobis,
557 1001 636 1053 etiam
645 1001 811 1069 petentibus,
827 1019 879 1052 nors

64 1068 245 1138 largiretur?
263 1071 303 1120 19.
318 1069 357 1120 Ae
368 1067 508 1121 Tbebunos
518 1070 596 1121 modo
606 1070 760 1132 monuistis,
775 1086 807 1121 ne
818 1086 880 1122 con-

61 1138 163 1190 sitium
174 1152 264 1187 corum
278 1145 463 1204 sequerentur,
486 1138 533 1205 qui
541 1137 651 1204 patriae
664 1139 731 1188 mute
743 1139 878 1189 consulue-

63 1215 148 1258 runt.
184 1203 248 1272 Ego
260 1221 321 1256 uero
333 1205 421 1256 desino
433 1205 639 1268 aduersariiitu,
659 1202 793 1270 Tbebani,
806 1206 832 1257 si
839 1205 879 1256 ita

64 1271 206 1324 sentiunt:
217 1273 245 1323 iu
254 1273 373 1340 ipsorum
384 1272 535 1340 opinionem
546 1283 661 1336 transeo,
675 1290 780 1340 uosque,
797 1290 878 1341 quan-

62 1351 94 1392 to
107 1340 230 1392 maximo
236 1348 328 1407 potest
337 1356 427 1407 opere,
448 1341 556 1403 iuortor,
568 1359 629 1402 oro,
647 1340 879 1409 obsecro‚perque

63 1417 188 1460 vestram
208 1416 235 1458 et
253 1424 416 1460 communem
434 1407 565 1461 Graeciae
578 1410 689 1462 salutem
703 1409 828 1471 obtestor,
849 1417 880 1460 ut

64 1476 121 1526 bac
136 1475 257 1541 ipsorum
276 1477 409 1527 decretum
423 1476 629 1543 amplectamini.
665 1479 706 1527 20.
725 1475 761 1528 Id
773 1475 797 1527 si
803 1477 878 1546 fece·
919 1485 923 1492 ·

63 1543 147 1606 ritis,
173 1558 257 1608 neque
272 1559 401 1608 pecorum
420 1553 501 1611 utque
521 1553 704 1596 armentorum
719 1543 815 1612 gratia
834 1559 878 1595 uos

64 1611 75 1658 i
94 1627 141 1661 eos
154 1609 408 1675 uenirepatiemini,·
426 1627 459 1662 ne
479 1629 510 1662 ue
525 1611 737 1680 utergastutisa
755 1618 879 1662 eroester

64 1627 451 1742 risquentetumntercetera
481 1677 576 1745 bitippi
584 1678 718 1745 mancipia
753 1678 879 1728 aeonibus

65 1753 93 1795 et
113 1740 246 1795 Triballis
261 1742 388 1794 servietis.
423 1747 465 1794 21.
487 1743 557 1796 Nam
570 1744 617 1796 isti
631 1761 729 1822 greges
745 1745 879 1794 etmunei-

63 1811 114 1876 pia
124 1808 231 1860 intueri
240 1825 285 1861 aas
295 1808 394 1873 iubent,
401 1811 514 1877 egregia
525 1811 658 1862 servitutis
664 1809 805 1878 praemia3
814 1827 880 1860 uxo-

67 1895 121 1943 res,
133 1878 242 1940 liberos,
247 1886 385 1944 parentes,
396 1877 553 1940 libertatem,
552 1879 671 1946 sumam,
674 1877 761 1946 fidem
770 1876 881 1944 denique

69 1953 97 1995 et
104 1946 160 2014 fus
176 1945 342 1998 Graecorum
355 1945 420 1996 uitia
434 1944 540 1998 babere.
576 1944 653 1996 Haec
670 1945 738 1996 enim
753 1943 880 2013 profecto

67 2013 234 2078 perdidistis,
252 2011 382 2075 Thebani,
395 2011 450 2078 nisi
451 2012 553 2083 fraudi
561 2013 753 2080 uiolentiusque
764 2011 883 2079 Philippi

71 2097 128 2132 una
138 2080 276 2134 nobiscum
286 2079 418 2132 resistitis.
455 2084 496 2132 22.
518 2081 598 2144 Quod
612 2081 636 2132 si
645 2081 737 2133 alienis
747 2079 881 2131 laboribus

33 2156 35 2162 ’
72 2155 147 2200 tutos
158 2165 203 2200 uos
207 2147 275 2229 fore
280 2164 438 2217 persuasum
448 2148 559 2211 babetis,
574 2166 668 2202 uereor
677 2166 709 2200 ne
720 2162 882 2215 magnopere

73 2216 254 2283 decipiamini.
290 2215 400 2268 Etenim
407 2217 491 2284 (quod
500 2217 651 2282 abominor)
666 2213 790 2282 Pbitippo
801 2215 882 2266 nicto·

73 2299 110 2342 re,
133 2284 179 2335 cui
198 2283 304 2335 dubium
321 2292 367 2346 est,
388 2284 452 2351 quin
471 2301 554 2352 neque
567 2301 625 2346 uos,
646 2299 730 2350 neque
746 2283 882 2350 quisquam

75 2347 243 2403 Graecorum
253 2351 407 2402 tibertatem
420 2351 491 2403 tueri
495 2351 622 2419 possitis?
638 2349 708 2402 Nam
717 2350 807 2418 infide
816 2349 879 2402 Piri·

74 2415 140 2483 b'ppi
159 2420 270 2470 muitum
287 2434 425 2498 reponere,
446 2436 537 2470 eorum
550 2429 602 2481 est,
626 2418 673 2486 qui
685 2418 777 2485 perire
787 2418 880 2470 uelint.

75 2484 116 2533 23.
138 2485 208 2537 atu
221 2503 268 2538 nos
289 2481 409 2537 Victoria
422 2487 579 2554 respexerit,
601 2486 665 2553 quid
677 2486 710 2537 ab
723 2485 880 2546 leominibue,

75 2567 141 2614 quos
154 2553 183 2604 in
199 2563 315 2606 extremo
325 2553 418 2605 salutis
430 2564 510 2621 utque
527 2553 667 2623 dignitatis
677 2553 828 2605 discrimine
838 2552 880 2601 de·

76 2620 220 2683 serueritie,
231 2620 434 2688 exspectandum
443 2621 516 2674 robis
522 2621 632 2688 putetis,
645 2622 818 2674 considerate.
838 2620 880 2666 24.

76 2681 147 2738 Nam
157 2705 327 2757 quaecunque
336 2688 409 2740 uobis
419 2691 551 2742 sententia
560 2689 665 2751 sederit,
676 2683 881 2740 Atheniensibus

76 2764 146 2807 certe
157 2757 246 2808 omnia
260 2757 388 2823 experiri.
404 2774 487 2824 neque
498 2757 645 2808 libertatem
651 2755 738 2822 prius,
757 2751 880 2819 quumvi-
