2036 3030
78 135 111 188 aa
265 131 399 183 rosum
418 127 696 191 reurnsnenn
772 111 775 117 “

78 238 191 304 tegitur.
229 234 270 282 24.
290 233 372 283 Circa
382 233 514 283 tumulum
526 233 640 283 crebrae
652 229 720 280 ulmi
731 235 803 291 sunt,
815 243 890 296 qua·

78 319 139 354 rum
156 302 227 352 mira
240 306 339 350 natura
354 306 411 351 est:
429 301 528 368 quippe
544 299 641 359 ramis,
658 298 705 364 qui
720 296 800 346 llium
817 310 886 413 spe-

79 375 169 430 ctant,
182 367 317 417 matutino
335 367 392 418 diei
407 374 532 432 tempore
548 373 631 416 enata
645 365 716 415 folia
728 363 822 414 statim
855 377 886 412 e-

79 437 259 502 fluunt,quum
272 435 374 485 ceteris
385 435 493 486 stabilis
503 433 630 484 viriditas
641 433 690 495 sit3
700 433 740 481 ita
750 429 887 480 acerbum

79 504 173 554 herois
185 502 273 552 latum
283 502 436 569 exprimere
448 502 609 560 creduntur,
627 501 674 567 qui
688 503 715 548 in
729 500 791 565 ipso
806 503 886 547 aeta·

78 573 116 621 tis
127 569 196 620 flore
207 584 267 619 cum
279 568 394 620 Graecis
404 573 433 620 in
443 570 534 620 Asiam
546 567 702 635 profectus,
713 567 801 632 prima
811 566 888 615 'fro-

78 638 137 688 iani
145 637 214 688 belli
229 637 341 687 victima
355 636 417 688 fuit.
453 636 494 686 25.
514 636 588 686 Huic
602 643 659 686 tum
674 633 832 684 Alexander
842 632 887 680 in·

79 705 166 756 ferias
177 705 263 766 dedit,
273 711 411 771 precatus,
422 710 454 756 ut
463 703 626 756 melioribus
636 701 766 767 auspiciis
778 698 888 749 hostile

80 775 147 824 litus
158 778 294 840 tangeret.
329 772 396 822 Inde
407 787 469 823 cum
486 771 686 839 quinquaginta
699 769 792 835 longis
807 766 888 816 navi·

80 842 132 891 bus
150 840 263 908 Sigeum
281 841 376 907 petiit,
395 845 576 906 portumque,
596 851 698 888 nomen
718 836 751 886 ab
770 832 888 886 Achivis

81 914 203 970 nactum,
222 922 337 974 quorum
349 907 466 959 classem
476 907 608 957 Troianis
618 903 790 971 temporibus
803 917 887 952 exce-

81 984 169 1042 perat.
205 975 246 1025 26.
261 975 349 1034 Quum
360 974 416 1023 iam
424 976 453 1024 in
461 973 560 1024 mediis
568 971 746 1038 llellesponti
754 968 888 1020 fluctibus

82 1045 236 1110 navigaret,
242 1042 372 1107 (namque
383 1056 450 1091 suae
460 1042 538 1090 navis
548 1041 609 1107 ipse
620 1040 791 1107 gubernator
801 1040 885 1098 erat)

82 1117 190 1161 taurum
201 1108 329 1175 Neptuno
341 1123 374 1158 ac
383 1106 550 1159 Nereidibus
565 1108 702 1168 immolat,
717 1119 890 1170 aureamque

82 1176 215 1244 phialam,
236 1189 271 1224 ex
289 1190 343 1241 qua
356 1174 508 1237 libaverat,
523 1173 584 1226 Diis
601 1175 714 1224 marinis
726 1175 844 1234 donum,
856 1172 886 1221 in

82 1243 199 1310 pelagus
211 1241 315 1292 abiicit.
351 1243 392 1292 27.
412 1241 468 1292 lam
478 1243 506 1291 in
517 1248 600 1308 portu
611 1247 670 1292 erat
682 1240 789 1303 classis,
802 1255 886 1306 quum

82 1325 142 1371 rex,
162 1308 292 1358 coniecta
310 1311 338 1358 in
358 1309 425 1360 litus
439 1306 532 1372 hasta,
552 1310 656 1376 primus
672 1324 687 1360 e
703 1308 767 1359 navi
781 1308 887 1359 librato

84 1389 203 1443 corpore
212 1380 315 1428 terram
327 1375 400 1427 saltu
411 1376 538 1443 contigit,
550 1383 678 1439 testatus,
686 1391 716 1427 se
729 1376 887 1442 possessio-

83 1459 146 1495 nem
159 1443 241 1493 Asiae
261 1442 315 1494 diis
331 1443 403 1494 bene
420 1444 577 1495 iuvantibus
595 1445 669 1495 iusto
689 1444 790 1510 pioque
809 1442 887 1492 bello

84 1511 137 1562 sibi
149 1524 284 1561 asserere.
321 1511 363 1562 28.
381 1512 452 1562 Aroe
464 1511 564 1563 deinde
575 1512 744 1562 constitutae
755 1517 827 1571 sunt,
839 1509 885 1559 ubi

85 1578 297 1630 exscensionem
308 1577 423 1641 lecerat,
434 1578 493 1631 lori
506 1579 676 1641 descensuri,
687 1579 887 1644 Minervaeque

85 1651 113 1697 et
122 1645 251 1696 Herculi:
259 1661 292 1696 eo
306 1661 416 1714 quoque
426 1647 578 1710 loco,unde
590 1661 625 1698 ex
632 1647 744 1712 Europa
754 1645 887 1706 solverat,

84 1729 147 1764 aras
158 1714 262 1764 exstrui
274 1714 364 1766 iussit.

136 1781 182 1832 lV.
202 1781 269 1834 lnde
279 1784 420 1848 processit
428 1784 456 1835 in
466 1799 591 1851 campos,
607 1782 655 1833 ubi
669 1782 772 1832 veteris
785 1780 829 1830 llii
844 1794 885 1829 se-

86 1849 135 1900 des
146 1849 362 1902 monstrabatur.
389 1851 431 1903 lbi
442 1851 505 1902 dum
516 1849 694 1901 heroicorum
704 1863 819 1917 operum
829 1861 884 1897 mo-

84 1922 215 1968 numenta
224 1919 304 1968 aride
315 1919 474 1984 perlustrat,
486 1918 596 1985 quidam
608 1932 643 1968 ex
652 1917 765 1978 incolis,
776 1914 886 1967 Paridis

87 1985 113 2034 ei
123 1983 212 2050 lyram
223 1984 366 2051 pollicitus
377 1991 428 2035 e'st.
464 1989 488 2034 2.
507 1987 542 2035 At
550 1985 613 2046 ille,
623 1982 701 2046 nitu,
713 1983 804 2050 inquit
811 2017 819 2044 ‚
831 1996 883 2032 rno-

86 2068 133 2102 ror
142 2051 284 2105 imbellium
300 2051 453 2102 deliciarum
462 2051 512 2102 nile
524 2051 742 2103 instrumentum.-
758 2057 786 2101 at
796 2049 884 2100 Aelni-

85 2117 116 2168 lit
130 2120 215 2186 lyram
229 2118 304 2180 cedo,
319 2117 440 2188 fortium
455 2117 574 2169 virorum
590 2119 679 2170 laudet
693 2120 783 2170 eadem
793 2133 883 2184 perso·

85 2185 174 2237 tranas
184 2193 274 2249 manu,
287 2184 426 2255 quassata
435 2185 587 2253 superabat.
623 2187 647 2238 3.
666 2185 735 2238 Nam
742 2182 883 2246 Achillem,

86 2253 165 2303 cuius
187 2253 297 2320 origine
317 2253 501 2320 gloriabatur,
519 2254 647 2320 inprimis
662 2255 758 2305 mirari
775 2252 887 2313 solitus,

87 2320 171 2370 etiarn
188 2320 292 2371 circum
308 2324 416 2387 cippum
432 2323 491 2372 eius
507 2337 568 2373 cum
586 2322 683 2372 amicis
698 2321 788 2372 nudus
805 2320 884 2369 decu·

86 2386 182 2448 currit,
192 2393 470 2454 unctoqnecoronam
480 2390 622 2456 imposuit.
657 2391 683 2440 4.
693 2386 884 2454 Hephaestion

85 2451 210 2505 Patrocli
220 2454 785 2518 tumulumcoronaviteundemamicitiae
794 2453 884 2505 locum

85 2520 158 2586 apud
167 2520 353 2575 Alexandrum
363 2525 417 2575 sibi
427 2537 490 2575 esse
499 2523 673 2592 significans,
689 2539 769 2592 quem
779 2523 804 2572 is
815 2521 883 2588 apud

83 2586 219 2640 Achillem
240 2586 393 2644 habuisset.
429 2591 506 2644 lntar
523 2593 628 2644 multos
648 2593 682 2645 de
701 2590 810 2644 Achille
830 2593 887 2640 ser·
948 2621 951 2628 ·

83 2670 181 2708 mones
196 2656 302 2726 duplici
314 2660 426 2712 nomine
441 2660 553 2712 beatum
570 2661 624 2713 sibi
638 2661 725 2714 rideri
741 2659 813 2712 dixit
827 2671 884 2715 rex,
