2054 3030
85 210 136 262 12⁰
305 205 474 266 QUINTl
506 207 674 282 pURTn

82 308 222 377 quondam
236 323 253 357 a
267 315 397 372 praetore
409 307 533 374 Aegypti
552 307 654 358 missus
674 305 709 356 ad
719 303 895 371 Philippum,

82 377 218 440 donisque
231 381 259 425 et
269 377 343 426 omni
353 373 460 426 honore
471 376 571 437 cultus,
580 374 709 426 exsilium
719 374 810 440 patria
819 372 894 424 sede¹

81 448 253 495 mutaverat:
264 448 376 494 secutus
388 443 488 496 deinde
498 443 526 492 in
536 441 630 492 Asiam
640 439 835 504 Alexandrum,
846 442 892 490 in-

81 519 126 562 ter
145 509 243 561 fideles
259 510 353 561 socios
371 509 533 562 habebatur.
573 511 615 559 1².
642 507 717 559 Huic
737 506 888 574 epistolam

82 579 224 638 cretensis
244 577 324 629 miles
345 578 520 644 obsignatam
539 576 654 639 annulo,
678 577 756 627 cuius
776 575 886 641 signum

81 645 154 697 haud
165 661 231 696 sane
242 651 337 696 notum
348 652 416 706 erat,
427 644 551 696 tradidit.
583 643 762 694 Nabarzanes
772 647 891 707 praetor

81 713 161 764 Darii
171 715 286 766 miserat
293 711 585 780 eam,hortabaturque
592 711 726 772 Sisenem,
734 716 764 761 ut
772 709 885 774 dignum

82 781 186 849 aliquid
196 781 345 832 nobilitate
355 797 388 832 ae
398 781 522 832 moribus
537 781 596 831 suis
612 780 720 830 ederet:
739 791 841 843 magno
855 775 887 826 id

83 849 110 900 ei
121 849 191 914 apud
201 864 298 916 regem
308 847 409 900 honori
419 847 490 900 fore.
527 849 567 898 13.
583 847 643 900 Has
652 847 748 897 literas
761 844 887 906 Sisenes,

81 923 178 983 utpote
188 917 283 968 innexi
288 933 328 977 us,
339 917 373 966 ad
384 917 569 968 Alexandrum
580 930 664 981 saepe
675 913 786 965 deferre
796 916 885 962 tenta-

80 985 132 1034 vit:
153 986 203 1036 sed
221 999 303 1050 quum
320 990 364 1034 tot
380 985 454 1034 curis
465 991 652 1050 apparatuque
662 981 730 1034 belli
741 994 837 1046 regern
845 981 885 1030 ri·

45 1062 47 1065 ·
82 1053 161 1104 deret
171 1051 275 1116 urgeri,
294 1053 386 1114 aptius
397 1051 513 1102 subinde
524 1056 632 1116 tempus
644 1054 820 1117 exspectans,
841 1062 885 1098 su·

82 1120 235 1185 spicionem
245 1118 306 1168 initi
322 1117 434 1168 scelesti
448 1119 558 1168 consilii
574 1117 709 1184 praebuit.
746 1116 785 1166 14.
804 1113 886 1164 Nam·

83 1202 135 1254 que
148 1185 279 1252 epistola,
292 1185 450 1250 priusquam
462 1185 489 1235 ei
499 1186 671 1246 redderetur,
683 1185 712 1235 in
722 1181 889 1234 nranushle-

82 1253 181 1306 xandri
194 1258 369 1317 pervenerat,
388 1253 543 1319 lectamque
555 1269 626 1316 eam,
644 1253 735 1320 ignoti
745 1251 839 1302 annuli
850 1249 888 1300 si·

82 1321 151 1386 gillo
163 1319 309 1383 impresso,
321 1319 413 1371 Siseni
424 1321 484 1371 dari
494 1321 623 1383 iusserat,
641 1321 676 1372 ad
685 1317 886 1370 aestimandam

82 1388 165 1438 iidem
175 1387 295 1436 barbari.
331 1387 371 1438 15.
392 1387 446 1449 Qui
457 1387 522 1455 quia
533 1403 582 1453 per
592 1387 747 1456 complures
759 1387 818 1437 dies
829 1399 885 1436 non

82 1454 191 1505 adierat
204 1468 313 1521 regem,
334 1454 455 1506 scelesto
472 1457 591 1508 oonsilio
606 1471 666 1506 eam
676 1456 752 1505 visus
768 1460 811 1504 est
823 1467 885 1518 sup-

81 1521 264 1588 pressissem
273 1523 302 1572 in
313 1523 422 1590 agmine
433 1521 726 1584 aCretensibus,haud
737 1522 819 1572 dubie
830 1522 889 1571 ius·
910 1553 916 1562 ·

82 1605 115 1642 su
125 1589 210 1656 regis,
226 1591 335 1641 occisus
347 1597 398 1642 est.
527 1607 528 1610 ¹

132 1656 205 1709 Vlll.
230 1659 341 1724 lamque
357 1658 458 1710 Graeci
475 1659 592 1719 milites,
613 1673 682 1724 quos
697 1653 859 1722 Thymodes
871 1669 889 1703 a

82 1724 265 1778 Pharnabazo
277 1734 431 1792 acceperat,
451 1726 684 1793 praecipuaspes,
704 1731 732 1775 et
741 1736 889 1789 propemo-

83 1793 147 1844 dum
161 1795 256 1856 unica,
277 1795 312 1844 ad
323 1794 438 1845 Darium
452 1800 643 1862 pervenerant.
679 1795 703 1842 2.
721 1791 761 1842 Hi
774 1804 888 1856 magno·

82 1876 149 1927 pere
159 1862 322 1922 suadebant,
341 1870 371 1913 ut
382 1870 457 1913 retro
469 1862 567 1922 abiret,
588 1861 783 1926 spatiososque
795 1858 894 1906 Meso·
909 1862 912 1867 “

83 1931 222 1996 potamiae
233 1945 345 1995 campos
356 1937 505 1995 repeteret.
540 1929 569 1981 Si
579 1928 608 1980 id
619 1928 766 1980 consilium
777 1925 889 1976 damna-

82 2001 138 2060 ret;
151 1997 238 2048 atille
249 1996 592 2062 divideretsaltemeopias
600 1994 889 2055 innumerabiles,neu

84 2063 134 2115 sub
145 2079 229 2115 unum
239 2063 368 2114 fortunae
378 2065 463 2114 ictum
474 2070 548 2114 totas
557 2066 629 2116 vires
640 2064 718 2130 regni
729 2061 829 2112 radere
840 2075 889 2127 pa-

83 2139 199 2183 teretur.
234 2133 258 2182 3.
278 2131 370 2182 Minus
381 2129 435 2182 hoc
446 2132 592 2182 consilium
602 2131 675 2198 regi,
695 2145 775 2197 quam
786 2143 893 2195 purpu-

83 2200 151 2248 ratis
166 2200 228 2250 eius
240 2198 418 2264 displicebat:
439 2199 587 2264 ancipitem
598 2199 693 2260 iidem,
714 2204 743 2248 et
756 2197 887 2248 mercede

82 2266 210 2316 venalem
231 2267 420 2333 proditionem
436 2267 593 2330 imminere;
618 2273 646 2317 et
665 2266 750 2317 dividi
774 2279 830 2314 non
851 2263 890 2313 ob

84 2331 160 2383 aliud
171 2337 268 2398 copias
279 2333 362 2397 velle,
374 2350 454 2402 quarn
467 2335 592 2402 utipsiin
602 2335 712 2385 diversa
722 2331 853 2400 digressi,
863 2333 889 2386 si

84 2399 151 2467 quid
162 2401 338 2452 commissum
348 2408 431 2464 esset,
443 2403 587 2453 traderent
596 2402 762 2452 Alexandro.
793 2399 818 2448 4.
838 2397 887 2450 Ni-

83 2466 123 2518 hil
133 2466 220 2517 tutius
231 2467 307 2530 iore,
328 2485 409 2535 quam
426 2470 612 2520 circumdatos
628 2477 677 2520 eos
688 2470 814 2520 exercitu
823 2471 887 2516 toto

83 2535 164 2586 obrui
175 2533 253 2598 telis,
274 2535 468 2589 documentum
483 2552 538 2587 non
552 2537 657 2588 inultae
668 2535 802 2602 perfidiae
813 2533 891 2586 iutu-
933 2546 936 2551 ·

80 2616 138 2652 ros.
175 2602 199 2652 b.
219 2601 257 2652 At
266 2603 377 2664 Darius,
399 2611 429 2655 ut
442 2610 502 2654 erat
511 2611 623 2655 sanctus
634 2610 663 2655 et
671 2604 755 2665 mitis,
777 2616 891 2654 severo

81 2675 189 2720 tanturn
200 2668 308 2720 facinus
318 2678 403 2737 negat
413 2686 475 2722 esse
485 2671 631 2733 iacturum,
642 2679 673 2723 ut
683 2687 761 2722 suam
772 2676 889 2722 secutos

83 2735 175 2799 iidem,
191 2751 257 2787 suos
270 2737 383 2800 milites,
398 2739 494 2788 iubeat
507 2739 649 2790 trucidari.
687 2738 775 2800 Quam
786 2736 890 2789 deinde
