2054 3030
78 184 127 233 roc
262 141 397 229 rosan.
422 177 698 248 rnnrusrrumrr

76 284 160 343 mine,
172 278 245 346 quod
258 293 358 330 aureae
369 279 487 330 laminae
498 279 667 344 insculptum
678 277 781 329 cidaris
791 276 885 344 ponti·

18 347 20 380 ²
77 349 142 399 ficia
150 345 338 412 praeferebat,
347 346 436 413 ipsum
448 361 558 415 quoque
568 352 730 396 reverenter
740 343 882 398 salutavit

76 414 119 467 26.
138 414 292 480 lmprorisa
308 429 353 465 res
368 415 498 476 omnium,
518 413 641 480 quicum
656 426 689 462 eo
702 413 883 477 advenerant,

77 483 185 534 animos
195 481 223 530 in
234 482 375 547 stuporem
386 480 472 533 dedit.
507 480 601 532 ludaei
617 494 652 530 ex
665 479 813 546 propinqui
825 483 883 532 exi-

76 551 112 600 tii
120 549 299 599 metunonin
310 563 386 616 spem
396 548 597 599 incolumitatis
615 547 713 610 modo,
732 547 884 614 sedinopi·

76 620 159 667 natae
180 617 287 684 gratiae
310 617 440 667 fiduciam
462 617 550 667 erecti
570 613 753 666 circumibant
774 627 881 681 regem,

76 683 174 735 laudes
185 684 456 751 gratulationemquc
468 689 498 735 et
506 689 572 734 rota
583 683 742 732 miscentes.
760 682 802 731 2³1.
809 683 883 733 Con-

75 758 121 802 tra
131 751 265 818 Syrorum
276 751 379 819 reguli,
395 751 444 818 qui
459 751 494 803 ob
508 751 620 802 crebras
636 748 806 816 acerbasque
819 764 882 800 cum

76 819 187 871 ludaeis
198 819 354 870 simultates
364 819 550 870 Alexandrum
560 819 650 869 secuti
659 815 780 878 fucrant,
790 817 882 867 inimi·

63 902 173 956 ‚corum
187 887 344 954 suppliciis,
363 891 395 936 ut
413 887 554 948 rebantur,
567 883 667 936 infesti
686 883 770 934 animi
789 883 882 934 libidi-

75 969 138 1005 nem
150 954 296 1021 expleturi,
308 953 465 1018 stupebant,
476 953 561 1015 dubii,
572 967 674 1004 verane
685 957 793 1014 essent,
809 967 882 1017 quae

75 1023 262 1082 intuerentur,
286 1034 319 1069 an
342 1019 455 1085 aliquod
476 1019 619 1071 oculorum
639 1019 789 1070 ludibrium
809 1034 882 1070 vana

75 1089 198 1156 imagine
214 1087 322 1153 sopitos
337 1100 435 1138 sensus
455 1084 575 1138 falleret.
611 1087 652 1137 28.
672 1087 769 1154 Neque
789 1086 881 1138 minus

74 1156 245 1206 Macedonas
263 1153 415 1204 insolentia
432 1154 585 1219 spectaculi
602 1169 753 1221 suspensos
769 1152 882 1205 habuit:

76 1225 166 1274 donec
179 1221 294 1287 propius
311 1219 447 1271 accedens
461 1221 629 1272 Parmenion
643 1222 818 1288 interrogare
833 1236 882 1272 au·

75 1305 122 1340 sus
134 1293 185 1349 est,
197 1287 263 1353 quid
273 1288 313 1338 ita
324 1288 445 1338 externis
456 1290 632 1340 caerimoniis
645 1287 779 1340 honorem
790 1287 883 1340 defer·

75 1364 128 1418 ret,
141 1369 221 1422 quem
236 1361 318 1405 atam
328 1354 413 1405 foeda
424 1363 507 1422 gente
518 1357 603 1407 etiam
612 1359 738 1424 recipere
747 1357 881 1407 rixtanto

75 1437 143 1490 rege
155 1422 267 1488 dignum
278 1421 370 1472 esscti
387 1425 476 1490 Atque
486 1423 535 1474 illc
545 1425 711 1476 insomnium
721 1439 800 1474 suum
806 1430 881 1474 retu·

74 1491 117 1540 lit.
162 1488 203 1539 29.
223 1489 332 1540 Deinde
353 1490 450 1542 urbem
469 1492 626 1559 ingressus,
646 1494 675 1544 in
694 1489 883 1558 pulcherrima

76 1556 145 1607 aede
156 1557 212 1606 ritu
228 1563 342 1623 recepto
358 1573 464 1610 sacrum
478 1558 540 1610 Deo
551 1557 632 1622 iecit,
649 1566 678 1611 et
692 1559 766 1610 dona
775 1559 880 1626 templo

74 1624 178 1675 intulit.
213 1624 337 1690 Inspexit
346 1626 429 1677 etiarn
441 1641 537 1678 sacros
547 1629 639 1694 gentis
650 1627 771 1688 codices,
780 1626 882 1694 quibus

76 1691 290 1743 continebantur
309 1692 358 1744 diu
376 1701 439 1746 ante
459 1696 615 1761 perscripta
637 1695 781 1746 vaticinia:
805 1695 882 1745 inter

76 1775 146 1826 quae
168 1761 273 1827 Tyrum
291 1759 493 1814 Macedonibus
517 1778 671 1826 cessuram,
696 1768 725 1813 et
744 1763 850 1814 Persas·
863 1777 881 1812 a

76 1827 185 1878 Graeco
198 1829 316 1895 quodam
328 1829 495 1882 debellatum
506 1831 555 1894 iri,
570 1831 644 1881 clare
658 1829 878 1897 significabatur.

75 1894 116 1945 30.
136 1895 205 1946 Eum
222 1911 251 1946 se
267 1895 330 1948 fore
343 1899 551 1965 interpretatus,
562 1897 672 1948 ludaeis
683 1898 831 1959 concessit,
847 1904 880 1948 ut

75 1962 158 2012 domi-
166 1961 291 2029 forisque
302 1965 360 2014 suis
373 1964 484 2032 legibus
499 1963 655 2032 ritibusque
669 1964 758 2016 libere
769 1970 879 2015 uteren-

74 2035 131 2094 tur3
153 2037 181 2081 et
192 2030 256 2096 quia
267 2031 414 2096 septimum
430 2046 566 2099 quemque
578 2047 677 2084 annum
690 2030 878 2100 agriculturae

75 2103 216 2148 exsortem
230 2112 247 2147 a
268 2103 326 2160 unt,
344 2097 427 2148 etiam
439 2099 607 2151 tributorum
616 2101 672 2151 ista
681 2101 810 2166 portione
822 2099 879 2150 sol·

73 2171 213 2216 verentur.
248 2113 290 2216 gl.
311 2163 444 2217 Naturam
457 2181 567 2235 quoque
581 2169 705 2236 regionis
717 2168 878 2229 admiratus,

75 2245 145 2297 quae
169 2231 232 2282 aliis
253 2231 390 2284 fructibus
413 2236 487 2287 inter
511 2236 765 2302 praestantissimas
788 2235 878 2296 dives,

76 2297 284 2362 opobalsamum
294 2300 356 2351 sola
366 2302 503 2368 producit,
512 2301 732 2355 Andromachum
742 2303 777 2353 iis
785 2301 878 2369 regio·

75 2363 155 2415 nibus
167 2369 339 2433 praeposuit:
352 2384 432 2435 quem
443 2369 618 2433 Samaritani,
629 2371 756 2437 perpetui
762 2370 878 2420 ludaeo-

75 2447 135 2497 rum
146 2429 258 2496 hostes,
278 2435 372 2501 paullo
383 2443 447 2504 post
462 2438 597 2489 atrociter
606 2444 783 2489 necaverunt.
821 2434 878 2490 Sed

76 2498 144 2550 baec
155 2499 266 2568 quidem
281 2509 345 2568 post
359 2506 465 2572 Tyrum
475 2503 636 2572 Gazamquc
647 2511 819 2573 expugnatas
829 2517 877 2570 gc·

76 2573 119 2618 sta
130 2575 208 2632 sunt3
220 2585 271 2620 nos
283 2585 332 2638 per
345 2572 522 2622 occasionem
532 2573 733 2638 praecepimus.

124 2635 185 2687 Xll.
206 2637 335 2688 Ceterum
344 2638 479 2704 angustiis
495 2639 529 2688 ad
544 2653 619 2689 mare
629 2639 822 2706 Pamphylium
832 2653 877 2688 su-

76 2705 187 2790 peratis,
199 2704 355 2792 Alexander
366 2702 468 2771 Pergis
475 2704 618 2770 profectus
628 2707 657 2756 in
667 2707 766 2758 itincre
779 2707 876 2757 obvios
