2048 3034
274 202 423 254 LIBER
450 204 499 254 Vl.
532 205 626 256 CAP.
653 205 678 257 9.
827 207 876 258 255

67 303 214 356 identidem
223 320 241 356 a
252 321 301 367 me,
312 304 421 367 milites,
428 315 530 373 petere,
542 315 572 355 ut
582 307 663 357 saluti
672 324 745 360 meac
751 325 875 376 pareone.

68 371 89 426 I
103 372 128 424 ri
137 371 206 423 miti
217 381 360 440 praestare
373 373 498 441 potestis,
521 372 594 440 qood
600 373 716 426 suadetis
726 376 875 445 etfaciam.

6 489 7 496 ,
66 389 115 492 rit
133 447 235 492 vesane
248 455 351 502 manue,
372 441 409 492 ad
420 449 509 493 cestra
526 457 604 491 orma
618 440 765 510 confugio:
786 444 876 496 invitis

6 497 8 562 i
65 507 143 559 codic
152 507 239 558 salvos
250 523 303 560 esse
313 510 391 572 ποῖος
401 507 555 570 solentibus,
566 523 745 575 neuportum,
757 510 809 560 nisi
817 512 873 564 nin·

66 575 152 626 dicor.
187 575 230 626 25.
243 576 314 627 Τυῐη
325 573 475 645 Philotam,
486 576 614 644 religatis
624 582 808 644 posttergans
819 595 874 632 ma-

65 644 165 704 nibus,
188 635 317 694 obsoleto
329 643 449 694 amiculo
459 644 581 694 velatum
591 645 674 694 iussit
684 643 787 694 induci.
823 647 873 698 Fa-

66 710 121 760 cile
131 710 389 776 apparebatmotos
402 724 465 762 esse
475 717 530 760 tam
541 711 696 762 miserabili
707 709 875 774 habitu,non

65 780 127 828 sine
137 779 242 829 invidia
251 778 347 844 paullo
357 783 422 828 ante
433 779 585 845 conspecti.
621 778 664 828 26.
680 778 786 830 Ducem
799 781 874 847 equi·

65 850 142 896 tatus
153 845 242 912 pridie
253 845 392 896 viderant:
405 843 540 908 sciebant,
551 845 626 912 regis
636 845 799 897 interfuisse
810 862 863 898 oon

64 913 151 963 rivio.
187 913 313 979 Repente
330 928 386 963 non
402 923 479 962 rcurn
492 912 590 974 modo,
605 913 750 965 sedetiam
763 915 874 965 darnna·

63 987 133 1042 turn,
153 981 238 1030 immo
253 979 383 1040 vinctum,
404 979 591 1030 intuebantur.
627 981 669 1030 2⁷.
689 980 807 1034 Subibat
817 983 874 1032 ani·
970 1002 993 1042 ρ

65 1061 128 1098 mos
141 1047 335 1097 Parmenionis
347 1061 466 1114 quoque,
486 1050 555 1098 tanti
567 1047 659 1110 ducis,
678 1055 735 1098 tam
751 1049 820 1100 olari
836 1050 874 1101 ci·

63 1117 118 1177 ris,
138 1112 264 1165 senuna:
285 1114 332 1181 qui
342 1114 425 1165 modo
438 1113 545 1166 duobus
557 1113 631 1177 liliis,
651 1117 776 1168 Hectore
788 1115 874 1169 et'Ni·

64 1197 181 1245 canore,
202 1182 325 1244 orbatus,
347 1197 409 1233 cum
419 1197 463 1244 eo,
484 1183 712 1252 quemreliquum
728 1185 872 1237 calamitas

64 1251 183 1312 iecerat,
195 1249 296 1301 absens
307 1250 415 1302 diceret
424 1265 544 1302 causam.
567 1252 608 1301 28.
621 1253 717 1319 ltaque
727 1253 870 1320 Amyntas,

64 1319 142 1386 regis
156 1323 282 1384 praetor,
302 1318 461 1369 inclinatam
476 1319 511 1370 ad
526 1319 746 1371 misericordiam
759 1323 886 1379 concion

64 1387 136 1436 nern'
147 1399 243 1436 rursus
257 1401 357 1453 aspera
370 1387 398 1436 in
408 1385 549 1438 Philotam
566 1390 693 1438 oratione
708 1390 869 1442 commovit.

63 1453 198 1504 Proditos
212 1467 262 1504 eos
277 1467 339 1504 esse
355 1454 497 1505 barbaris:
517 1455 654 1506 neminem
670 1457 705 1506 ad
722 1458 870 1524 coniugem

65 1535 159 1583 suam,
181 1521 318 1573 neminem
328 1521 357 1570 in
370 1521 489 1586 patriam
501 1528 529 1571 et
539 1522 573 1571 ad
604 1528 714 1572 arentes
726 1522 815 1574 luisse
826 1539 870 1575 re·

65 1589 197 1639 ditrrrum.
232 1587 318 1638 Velut
327 1595 453 1638 truncum
465 1602 565 1654 eorpus
596 1595 669 1638 emto
685 1591 789 1656 capite,
809 1593 870 1641 sine

64 1657 180 1724 spiritu,
201 1655 262 1704 sine
276 1654 400 1715 nomine,
423 1653 515 1704 aliena
528 1662 602 1704 terra
616 1654 765 1707 ludibrium
780 1653 869 1708 hostis
931 1685 932 1689 =

6 1743 7 1756 ³
64 1723 184 1776 fumos.
209 1721 251 1772 29.
264 1721 492 1788 Haudquaquam,
506 1735 555 1787 pro
566 1737 615 1786 spe
626 1723 725 1789 ipsius,
735 1724 871 1788 Amyntae

66 1792 159 1843 oratio
170 1795 251 1858 grata
261 1789 322 1856 regi
333 1787 399 1853 fuit3
420 1788 494 1907 quod
506 1790 665 1855 coniugum,
678 1789 753 1856 quod
763 1791 871 1855 patriae

64 1859 233 1920 admonitos,
254 1858 392 1926 pigriores
408 1871 425 1907 a
458 1862 572 1907 caetera
588 1858 682 1907 munia
694 1859 872 1923 exsequenda

63 1927 189 1978 iecisset.
226 1925 267 1976 30.
287 1927 366 1976 'Punc
378 1925 497 1988 Coenus,
509 1937 674 2006 quamquam
686 1922 816 1975 Philotae
827 1941 872 1974 so·

25 1997 27 2002 '
62 2009 157 2046 rorem
168 1993 344 2044 matrimonio
356 2008 449 2044 secum
460 2000 654 2055 conrunxerat,
673 1999 766 2044 tamen
779 1993 871 2044 acrius

63 2078 146 2130 quarn
157 2063 301 2130 quisquam
310 2064 339 2112 in
349 2060 488 2112 Philotam
499 2062 625 2113 invectus
637 2067 691 2112 est:
703 2060 870 2126 parricidam

6 2157 7 2160 ¹
64 2131 228 2198 ametegis,
239 2129 358 2196 patriae,
370 2130 518 2191 exercitus,
530 2130 689 2181 clamitans:
707 2141 869 2195 saxumque,

6 2217 8 2226 ,
64 2198 139 2264 quod
149 2196 223 2248 forte
235 2195 393 2262 antepedes
402 2197 524 2259 iacebat,
537 2197 666 2264 arripuit,
678 2199 831 2248 emissurus
842 2196 878 2246 iux

6 2251 7 2270 ¹
64 2281 141 2329 euru
151 2271 182 2316 ut
210 2265 319 2332 lerique
330 2264 636 2326 credidere,tormentis
648 2262 813 2317 subtrahere
824 2278 869 2314 cu-

63 2334 153 2401 piens.
188 2281 231 2384 il.
249 2331 306 2383 Sed
327 2346 377 2383 rex
396 2347 505 2382 manum
525 2333 585 2383 eius
607 2331 735 2394 inhibuit,
757 2329 868 2383 dicendi

64 2401 142 2468 prius
153 2414 263 2451 eausam
275 2399 377 2450 debere
389 2399 449 2450 lieri
460 2405 627 2466 potestatem
637 2415 701 2462 reo,
720 2415 772 2450 nec
786 2401 871 2451 aliter

62 2467 185 2520 iudicari
203 2481 348 2534 passurum
370 2481 416 2530 se,
437 2467 584 2532 affirmans.
620 2468 662 2518 32.
683 2469 753 2518 Tum
775 2467 870 2519 dicere

63 2533 306 2597 iussusPhilotas‚
326 2535 385 2586 sive
395 2535 569 2589 conscientia
578 2535 707 2597 sceleris,
729 2534 869 2601 siveperi-

63 2604 121 2656 culi
139 2603 331 2671 magnitudine
352 2617 447 2654 amens
462 2608 490 2653 et
504 2605 648 2662 attonitus,
668 2617 723 2652 non
739 2601 869 2652 attollere

63 2672 173 2734 oculos,
194 2687 250 2722 non
265 2667 375 2721 hiscere
389 2672 517 2722 audebat.
553 2671 595 2722 3³.
615 2669 752 2723 Lacrimis
769 2666 870 2717 deinde

62 2738 251 2802 manantibus,
267 2737 411 2805 linquente
421 2739 522 2803 animo,
542 2739 570 2790 in
582 2751 654 2801 eum,
665 2751 681 2788 a
692 2751 746 2804 quo
757 2732 870 2785 teneba-
