2036 3030
156 151 191 202 rs
343 147 477 200 runnu.
503 146 779 201 ruerusuumu
876 119 881 125 ’

159 251 200 302 lb.
232 250 287 302 Sed
307 249 406 317 quibus
426 264 480 316 pax
499 250 646 316 placebat,
674 249 801 315 potentia
825 249 967 313 exsulum,

158 331 312 384 eorumque
329 331 377 436 per
391 333 462 384 quos
482 319 607 369 revocati
627 317 747 377 fuerant,
768 317 968 382 opprimeban-

156 392 215 435 turr
227 387 284 451 qui,
295 400 331 435 nu
344 384 371 435 la
380 399 428 451 spe
440 386 539 436 salutis
549 384 666 451 reliqua,
676 386 702 434 si
710 382 883 434 Macedones
894 386 967 437 urbe

159 451 325 518 potirentur,
346 452 453 520 patriae
466 452 555 502 ruinis
575 451 657 502 obrui
667 450 816 513 malebant,
837 467 922 517 quam
934 454 967 502 il-

159 521 213 571 lius
234 519 453 570 incolumitatem
471 533 522 570 suo
536 519 652 570 interitu
663 532 766 581 emere,
789 525 864 570 etex
872 517 968 572 Boeo·

158 584 263 638 tarchis
273 587 422 647 nonnullos
432 587 460 638 in
471 585 778 638 consiliumtraxerant.
810 585 850 637 ld.
872 585 967 646 Quan-
1002 627 1003 656 ,

157 661 242 720 taque
254 653 394 706 hominum
405 653 537 704 vecordia
546 652 688 715 fueritve}
699 651 763 703 hinc
771 654 908 718 cognosci
918 669 968 720 po·
1002 713 1003 718 η

159 728 225 784 test,
245 721 320 790 quod
330 721 490 773 Alexandro
500 721 669 788 postulante,
691 726 722 772 ut
736 719 906 771 deiectionis
918 737 968 772 au-

157 795 251 841 ctores
265 789 413 851 dederent,
433 789 541 841 duobus
559 788 697 856 capitibus
712 802 821 838 omnem
840 788 967 839 civitatis

157 872 258 909 noxam
278 858 433 922 expiaturi:
462 857 502 907 17.
520 857 575 922 ipsi
585 855 710 907 vicissim
720 853 861 906 Philotam
872 861 902 905 et
911 857 967 906 :ln-

156 925 298 992 tipatrum,
319 923 459 990 principes
470 925 620 974 amicorum
630 923 719 991 regis,
739 922 894 989 deposcere
906 924 966 974 sint

156 993 227 1053 ausi,
248 998 276 1041 et
286 1005 335 1056 per
345 1004 511 1056 praeconem
522 993 711 1056 pronuntiare,
731 990 756 1040 si
773 991 893 1057 quicum
906 1005 965 1041 nra-

155 1073 211 1126 gno
223 1071 290 1124 rego
306 1065 334 1108 et
345 1056 485 1108 Thebanis
499 1056 669 1108 Graecorum
686 1057 845 1108 libertatem
865 1057 965 1109 adver-

104 1182 106 1188 ,
156 1141 203 1177 sus
213 1130 361 1191 tyrannum
372 1139 497 1175 asserere
507 1125 620 1187 vellent,
631 1139 681 1176 eos
693 1124 767 1191 apud
776 1123 889 1176 Thebas
900 1140 964 1190 per-

155 1191 263 1258 fugium
283 1189 436 1251 habituros.
473 1193 512 1242 18.
533 1190 592 1242 Nec
609 1199 702 1243 tamen
712 1191 865 1244 Alexandri
874 1193 963 1260 impe·

155 1259 199 1308 rio
212 1265 372 1326 oppugnata
381 1259 446 1310 urbs
458 1265 514 1322 est;
532 1258 592 1322 sed,
602 1265 634 1311 ut
643 1259 822 1311 Ptolemaeus
832 1260 962 1323 tradidit,

155 1326 235 1387 (nam
251 1327 362 1394 quidam
382 1328 465 1377 aliter
483 1329 610 1390 narrant)
630 1327 789 1388 Perdiccas,
810 1327 906 1393 quiin
928 1343 963 1379 ea

153 1400 310 1444 castrorum
330 1402 408 1460 parte
428 1395 551 1457 curabat,
571 1410 642 1462 quae
659 1395 733 1446 vallo
751 1393 883 1456 hostium,
905 1410 962 1461 quo

155 1460 303 1513 Cadmeam
314 1461 493 1525 incluserant,
512 1463 630 1513 obversa
640 1469 709 1525 crat,
729 1477 784 1512 non
795 1469 962 1529 exspectato

154 1528 235 1595 signo
246 1530 378 1594 impetum
388 1529 417 1580 in
427 1544 477 1581 eos
493 1528 580 1581 iecit:
608 1530 647 1582 lo.
667 1534 855 1597 superatoque
872 1533 962 1581 muni-

152 1601 257 1659 mento,
268 1611 365 1647 manus
377 1612 437 1648 cum
449 1595 529 1648 hoste
540 1612 690 1648 conserere
701 1598 803 1662 coepit,
821 1603 850 1648 et
861 1599 961 1665 Amyn-

151 1669 224 1724 tam,
244 1663 290 1729 qui
306 1679 368 1716 cum
381 1680 432 1716 sua
445 1663 562 1716 cohorte
575 1665 655 1717 iuxta
663 1666 753 1732 ipsum
764 1665 908 1729 tendebat,
930 1673 963 1716 ut

153 1731 227 1782 idem
237 1732 364 1801 auderet,
377 1733 504 1799 exemplo
514 1734 661 1800 permovit.
697 1733 739 1783 2⁰.
758 1731 826 1784 Mox
841 1733 961 1786 Alexan-

153 1800 212 1862 der,
230 1801 288 1852 suis
299 1801 411 1864 timens,
431 1817 492 1852 cum
501 1807 563 1852 tota
572 1802 716 1868 copiarum
726 1800 800 1850 mole
810 1799 911 1862 adfuit,
933 1810 963 1852 et

151 1867 253 1920 leviter
272 1869 385 1920 armatis
424 1883 591 1935 errumpere,
612 1869 725 1934 suisque
737 1868 892 1919 auxilioire
904 1869 961 1919 ius-

152 1936 201 1997 sis,
219 1936 280 2002 ipse
300 1951 361 1987 cum
378 1885 493 2003 rehiquis
507 1950 558 2002 pro
578 1935 653 1986 vallo
665 1934 797 1986 substitit.
834 1937 876 1986 21.
894 1936 961 1986 hori

153 2009 284 2055 conserto
304 2005 429 2068 proelio,
450 2001 612 2063 Perdiccas,
633 2002 698 2053 dum
718 2002 835 2053 interius
855 2002 961 2054 vallum

153 2070 280 2132 molitur,
299 2069 424 2136 graviter
433 2069 544 2120 saucius
554 2084 647 2136 pugna
657 2067 785 2134 effertur3
805 2076 833 2120 et
844 2071 961 2122 Creten·

152 2139 224 2188 sium
239 2135 447 2204 sagittariorum
462 2136 559 2199 multi,
582 2152 644 2188 curn
657 2135 804 2204 Eurybota
822 2137 892 2188 duce
907 2153 960 2189 suo

152 2204 263 2255 cadunt.
299 2202 427 2255 Thebani
446 2205 584 2271 perculsis
602 2205 715 2268 instant,
736 2211 765 2257 et
785 2205 820 2256 ad
837 2205 960 2256 Alexan·

153 2269 231 2322 drum
239 2269 413 2338 refugientes
422 2271 615 2339 insequuntur.
650 2275 692 2324 22.
710 2272 752 2324 lbi
763 2287 846 2390 plnum
857 2287 907 2324 rex
918 2277 961 2323 in·

151 2341 258 2388 structa
268 2336 406 2404 phalange
417 2339 559 2405 dispersos
577 2346 607 2392 et
623 2340 750 2392 turbatos
790 2341 892 2392 ostium
913 2352 958 2392 or-

121 2414 130 2436 ,·
148 2403 231 2454 dines
242 2404 397 2466 invaderem
416 2407 511 2458 statim
522 2423 603 2460 versa
613 2422 722 2475 pugnae
736 2406 859 2471 fortuna,
878 2413 959 2460 tauta

150 2469 346 2522 'l'hehanorum
356 2474 507 2541 trepidatio
517 2474 584 2539 fuit,
595 2483 670 2526 utne
680 2475 715 2526 ad
726 2482 822 2542 portas
834 2475 956 2544 quidem,

150 2553 201 2606 per
209 2554 278 2607 quas
288 2539 317 2590 in
328 2540 423 2592 urbem
434 2556 464 2593 se
475 2549 648 2609 receperant,
662 2542 851 2596 occludendas
861 2549 957 2594 mente

148 2614 352 2674 competerent:
370 2609 461 2671 simul,
473 2612 520 2678 qui
531 2610 678 2660 Cadmeam
692 2610 835 2675 tenebant,
851 2611 880 2661 in
891 2610 958 2662 sub·

149 2675 239 2728 lectos
254 2676 313 2728 arci
334 2678 412 2729 vicos
432 2683 622 2728 exacuerunt.
658 2677 699 2728 23.
718 2676 762 2727 lta
779 2677 958 2732 nobilissima
