2098 3040
166 199 217 250 380
379 193 548 256 QUINTI
578 195 744 246 GUR'l'll

168 296 296 359 conchis,
321 304 357 348 ee
369 298 471 347 ceteris
490 297 681 364 purgamentis
699 297 798 359 niaris,
821 295 980 350 instruunt

166 367 299 416 Ferarum
309 364 429 430 pellibus
441 367 517 426 tecti,
537 365 660 430 piscibus
671 364 732 414 sole
743 364 860 427 duretis,
879 371 908 416 et
918 381 976 417 rna-

166 436 258 483 iorum
273 446 384 500 quoque
398 431 563 492 belluarum,
584 446 653 499 quas
666 429 767 483 fluctus
782 433 868 493 elicit,
889 448 976 484 cerne

166 507 325 552 vescuntur.
361 501 402 550 ll.
414 499 592 551 Consumtisi
616 499 670 551 'tur
680 499 829 561 alimentis,
840 499 976 552 Macedo-

134 604 142 614 ,
167 583 216 620 nes
225 569 314 635 primo
325 566 563 634 inopiam,deinde
574 581 591 616 a
619 566 745 617 ultimum
753 565 855 618 famem
866 569 975 620 sentire

167 640 331 702 coeperunt3
343 634 452 687 radices
463 634 760 700 palmarum,(namque
771 634 834 685 sola
844 648 879 685 ea
889 635 976 687 arbor

167 705 312 771 gignitum)
324 701 426 820 ubique
436 701 578 752 rimantes.
606 702 645 751 12.
660 700 716 753 Sed
729 717 812 768 quum
823 699 894 754 baec
905 718 974 770 quo-

167 785 220 838 que
230 770 363 821 alimenta
392 768 547 831 efficerent,
566 769 690 820 iumenta
701 768 819 821 caedere
830 772 972 837 aggressi,

166 853 201 889 ne
213 838 292 905 equis
303 836 415 904 quidem
425 836 613 896 abstinebant,
625 841 653 887 et
663 851 745 902 quurn
755 837 889 888 deessent
899 852 972 904 quae

166 906 289 957 sarcinas
300 902 443 966 veherent,
462 903 552 972 spolia
563 903 596 954 dc
610 901 748 966 hostibus,
767 909 883 970 propter
899 919 972 970 quae

165 973 265 1024 ultima
275 971 399 1024 Orientis
409 977 635 1039 peragraverant,
655 971 816 1022 cremabant
825 971 970 1022 incendio.

166 1041 207 1092 lt.
225 1041 340 1092 Famem
351 1039 451 1091 deinde
462 1038 624 1105 pestilentia
634 1043 731 1090 secuta
741 1044 796 1090 est:
817 1039 920 1106 quippe
929 1039 970 1088 in-

166 1108 318 1160 salubrium
328 1108 453 1158 ciborum
464 1107 529 1156 nori
539 1106 628 1168 succi,
648 1105 684 1156 ed
694 1103 749 1157 hoc
758 1107 868 1158 itineris
878 1106 970 1168 labor,

166 1182 195 1228 et
205 1174 352 1242 aegritudo
365 1175 458 1237 animi,
475 1173 658 1241 vulgaverant
666 1174 792 1235 morbos3
813 1179 842 1224 et
851 1186 904 1224 nec
913 1186 970 1224 ma-

165 1257 232 1293 nere
243 1243 302 1292 sine
313 1240 402 1302 clade,
412 1257 464 1292 nec
474 1242 606 1308 progredi
617 1246 758 1308 poterant:
773 1247 917 1292 manentes
929 1239 969 1290 la-

164 1323 232 1370 mes,
244 1322 412 1375 progressos
423 1309 515 1359 acrior
527 1309 687 1374 pestilentia
697 1309 823 1375 urgebat.
860 1309 902 1359 11.
918 1307 968 1358 Er-

165 1389 201 1443 go
212 1374 293 1425 etreti
305 1381 384 1425 erant
393 1376 482 1443 campi
511 1391 580 1427 aene
590 1375 715 1442 pluribus
725 1376 875 1437 seminivis,
887 1391 969 1443 quam

164 1441 354 1493 cadaveribus.
389 1443 428 1493 Aa
442 1457 476 1494 ne
486 1391 576 1494 finias
587 1444 697 1511 quidem
710 1444 787 1510 aegri
799 1444 880 1510 sequi
889 1448 969 1509 pote-

94 1553 95 1558 ,
163 1513 237 1560 rant:
250 1511 349 1577 quippe
361 1524 460 1578 agmen
470 1511 569 1576 raptim
580 1511 723 1578 agebatur,
731 1517 837 1562 tanturn
848 1510 968 1578 singulis

163 1577 198 1628 ad
210 1591 287 1643 spem
297 1577 396 1629 salutis
405 1578 483 1646 ipsos
493 1578 630 1644 prolicere
641 1578 828 1640 credentibus,
836 1583 968 1645 quantum

162 1644 272 1696 itineris
289 1644 448 1700 festinando
464 1647 666 1712 praeciperent.
704 1645 743 1696 15.
762 1645 851 1712 Igitur
861 1644 910 1712 qui
919 1645 968 1695 de·

162 1711 298 1777 fecerent,
309 1720 392 1764 notos
402 1714 582 1781 ignotosque,
592 1718 624 1764 ut
634 1712 830 1776 allevarentur,
839 1712 965 1763 orabant.

164 1779 220 1834 Sed
231 1795 283 1832 nec
293 1782 417 1832 iumenta
427 1787 515 1843 erant,
526 1779 626 1848 quibus
637 1781 729 1846 excipi
739 1785 864 1849 possent3
879 1785 908 1830 et
917 1781 968 1830 mi-

162 1848 205 1901 les
217 1849 263 1900 vix
273 1863 349 1900 arma
358 1848 495 1915 portabat,
517 1848 741 1915 imminentisque
754 1849 836 1899 etiarn
845 1849 916 1913 ipsis
927 1847 967 1898 fa-

163 1916 220 1968 cies
241 1915 307 1966 mali
327 1923 391 1966 ante
406 1915 503 1967 oculos
518 1922 587 1970 eret.
622 1915 697 1984 Ergo
709 1917 818 1982 saepius
829 1917 967 1978 revocati,

162 1998 197 2034 ne
211 1985 352 2048 respicere
368 1984 479 2050 quidem
493 1998 560 2034 suos
570 1984 753 2045 sustinebant,
772 1981 967 2034 misericordia

162 2051 192 2101 in
211 2049 389 2101 formidinem
409 2065 498 2101 versa.
535 2049 575 2100 lb.
594 2050 639 2102 llli
658 2051 759 2113 relicti,
779 2050 857 2103 Deos
866 2057 966 2113 testes,

162 2133 243 2170 secra
252 2119 416 2181 communia,
427 2118 558 2185 regisque
569 2118 755 2186 implorabant
764 2133 858 2185 opem:
870 2131 966 2186 quum-

162 2200 215 2253 que
226 2185 331 2237 frustra
340 2186 438 2237 surdae
449 2200 532 2236 aures
543 2184 739 2253 fatigarentin
750 2187 855 2238 rabiem
868 2185 967 2252 despe-

160 2253 269 2304 ratione
289 2255 372 2318 versi‚
392 2269 486 2321 parem
508 2267 559 2304 suo
579 2255 693 2316 exitum,
714 2254 876 2321 similesque
896 2254 967 2320 ipsis

161 2320 267 2371 amicos
280 2327 308 2371 et
319 2320 532 2373 contubernales
543 2321 736 2387 precabantur.
774 2324 814 2373 17.
834 2323 905 2384 Rex,
917 2319 967 2372 do·

159 2385 221 2436 lore
233 2387 316 2438 simul
326 2393 355 2439 et
363 2389 469 2455 pudore
480 2388 587 2451 anxius,
600 2390 665 2456 quia
675 2404 760 2441 causa
769 2395 864 2442 tantae
877 2387 968 2440 eladis

158 2455 220 2520 ipse
241 2461 326 2516 esset,
346 2457 381 2506 ad
395 2454 631 2524 Phrataphernem
647 2455 813 2508 Parthorum
834 2462 969 2523 satrapen

159 2521 244 2585 misit,
255 2523 303 2590 qui
311 2522 422 2575 iuberet
432 2525 546 2576 camelis
557 2530 639 2575 cocta
649 2525 754 2575 cibaria
763 2523 882 2577 afferre:
894 2523 968 2575 alios

157 2603 270 2657 quoque
289 2587 467 2643 finitimarum
483 2606 514 2644 re
537 2591 629 2643 'onum
647 2591 808 2659 praefectos
827 2593 969 2646 certiores

158 2656 336 2716 necessitatis
347 2671 415 2709 suae
425 2657 503 2711 fecit.
549 2653 896 2714 accersatumssta‘obls.
925 2654 968 2714 18.
1038 2687 1039 2690 ¹

160 2721 255 2788 ltaque
266 2721 339 2774 fame
351 2723 496 2778 dumtaxat
504 2726 661 2779 uindicatus
677 2727 831 2789 exercitus,
852 2725 970 2780 tandem
