2048 3034
159 151 208 200 171
376 147 548 208 QUINTI
578 145 746 198 cuit'rll

158 251 201 302 13.
228 248 346 299 Proinde
365 256 414 299 sut
431 247 591 299 deditionem
609 246 697 308 bodie,
716 253 766 296 aot
776 244 806 296 e'n
816 246 976 302 cratinum

159 317 252 369 bellum
259 323 353 382 paret:
371 314 580 379 1111111111ήὸ1,
596 330 675 382 quem
685 321 809 380 expertos
818 321 868 376 est,
888 316 974 381 polii

159 391 254 436 ceatur
265 381 438 452 sermnem]
483 383 524 432 24.
553 383 656 450 Legati
674 381 860 447 respondent:
883 398 973 449 quum

157 451 261 503 bellum
271 451 300 502 in
311 452 402 502 animo
414 452 460 512 sit,
470 449 566 502 facere
574 465 636 502 eum
644 449 818 516 simpliciter,
830 451 910 515 quod
918 465 972 517 spe

157 519 235 586 pacis
246 535 301 569 non
311 517 503 570 frustraretur.
539 517 618 584 ipsos
637 525 744 585 petere,
765 518 972 584 quamprimum

158 587 332 638 dimittantur
342 586 377 636 ad
388 600 495 652 regem:
507 601 569 636 eum
580 599 690 652 qnoque
698 584 914 650 beiiumparare
922 586 973 637 de·

157 655 235 706 bere.
255 655 256 658 ’
269 652 385 704 Dimissi
397 653 532 714 nuntiant,
544 652 644 704 adesse
656 658 806 703 certamen.

209 721 271 772 xil.
290 721 342 772 lile
353 719 464 788 quidem
476 719 623 772 confestim
634 720 781 771 Mazaeum
792 735 856 771 cum
876 719 969 770 tribus

158 789 283 840 millibus
297 789 419 854 equitum
440 786 476 837 ad
491 790 606 852 itinera,
627 801 698 855 quae
720 785 812 838 bostis
826 787 970 853 petiturus
1012 841 1013 850 p

160 863 229 918 erat,
251 857 413 922 occupanda
429 855 582 922 praemisit.
617 856 642 903 2.
662 853 833 917 Alexander,
854 855 968 921 corpori

158 924 256 976 uxoris
267 925 327 974 eius
338 923 419 972 iustis
429 922 590 987 persolutis,
600 923 730 990 omnique
741 923 873 988 graviore
881 922 967 972 comi·

161 998 218 1043 tato
230 988 410 1042 intraeadem
422 990 591 1041 munimenta
610 1004 671 1041 cum
690 989 802 1040 modico
823 989 967 1056 praesidio
1007 1019 1011 1047 1

161 1057 272 1118 relicto,
283 1055 318 1106 ad
329 1054 437 1106 hostem
448 1057 601 1108 contendit.
638 1057 662 1106 3.
682 1057 746 1107 Duo
759 1071 867 1108 cornua
877 1057 967 1106 divisa
1005 1062 1012 1103 ¹.

161 1130 240 1176 erant
249 1123 382 1188 peditum,
393 1123 421 1173 in
432 1129 578 1190 utrumque
590 1124 664 1174 latus
675 1125 768 1191 equite
780 1125 966 1176 circumdatos
1008 1109 1012 1137 ⁴

109 1199 112 1207 “
160 1191 360 1256 impedimenta
377 1191 564 1255 sequebantur
584 1206 692 1258 agmen.
727 1192 752 1242 4.
777 1191 966 1243 Praemissum

160 1257 260 1308 deinde
272 1269 333 1308 cum
343 1257 407 1308 citis
428 1258 567 1322 equitibus
585 1259 726 1310 Menidam
743 1259 823 1310 iubet
839 1260 966 1326 explora·

158 1339 200 1385 re,
220 1324 267 1374 ubi
284 1322 385 1375 Darius
400 1329 484 1376 esset.
519 1327 555 1377 At
569 1326 627 1388 ille,
646 1343 729 1394 quum
742 1326 878 1378 Mazaeus
893 1325 967 1376 haud

159 1391 258 1458 procul
268 1390 451 1453 consedisset,
466 1407 522 1443 non
533 1409 616 1459 ausus
628 1394 702 1446 ultra
713 1395 878 1460 procedere,
897 1393 967 1445 nihii

160 1458 246 1522 aliud,
258 1474 338 1526 quam
357 1457 498 1511 fremitum
517 1458 657 1512 bominum
673 1460 868 1529 hinnitumque
883 1476 966 1530 equo·

159 1541 230 1589 rum,
240 1527 399 1579 'exaudisse
417 1531 535 1580 nuntiat.
571 1530 596 1580 5.
614 1529 749 1580 Mazaeus
764 1544 888 1596 quoque,
903 1545 966 1580 cou-

160 1590 265 1660 spectis
276 1595 375 1660 procul
385 1596 620 1662 exploratoribus,
639 1599 667 1646 in
687 1604 829 1648 castrasse
849 1597 966 1664 recepit,
1015 1599 1016 1666 1

160 1661 296 1714 adventus
306 1660 428 1714 bostium
438 1665 559 1715 nuntius.
595 1665 684 1732 Igitur
694 1664 807 1727 Darius,
821 1665 871 1732 qui
881 1666 911 1715 in
921 1679 967 1732 pa·
1015 1669 1016 1686 ³

161 1731 284 1782 tentibus
295 1733 400 1798 campis
414 1731 565 1783 decernere
586 1733 710 1797 optabat,
726 1734 828 1782 armari
848 1733 966 1786 militem

160 1799 248 1860 iubet,
258 1799 402 1867 aciemque
413 1798 545 1867 disponit.
580 1800 604 1850 6.
624 1800 744 1851 inlaeso
760 1815 848 1852 cornu
858 1800 966 1852 Bactri·
1015 1817 1016 1872 i

159 1863 209 1916 ani
224 1867 303 1919 ibant
317 1868 435 1934 equites,
456 1867 533 1918 miiie
544 1867 704 1931 admodum3
723 1866 820 1919 Dahae
832 1869 965 1920 totidem:

159 1941 189 1986 et
195 1931 340 1984 Arachosii
353 1933 482 2000 Susiique
494 1941 612 1998 quatuor
621 1936 709 1986 miliia
720 1935 883 2002 explebant.
905 1936 966 1986 iios

160 2008 270 2052 centum
281 1998 379 2051 falcati
389 2015 485 2050 currus
499 2002 694 2066 sequebantur.
731 2001 882 2054 Proximus
902 2018 966 2070 qua·

161 2067 250 2133 drigis
261 2072 323 2118 erat
331 2065 446 2127 Bessus,
467 2081 529 2118 cum
548 2076 612 2120 octo
627 2070 753 2121 miiiibus
764 2073 890 2138 equitum
901 2072 966 2121 item

157 2133 325 2186 Bactrianis.
360 2133 386 2183 7.
405 2133 584 2202 Massagetae
604 2138 712 2190 duobus
732 2138 856 2190 millibus
866 2151 966 2206 agmen

159 2203 220 2252 eius
240 2198 415 2252 claudebant.
451 2200 566 2255 Pedites
576 2202 619 2258 bis
634 2205 753 2271 plurium
769 2208 897 2274 gentium
912 2221 967 2256 non

101 2297 103 2302 ν
159 2269 272 2330 nsixtos,
291 2268 342 2319 sed
362 2283 429 2319 suae
449 2270 566 2338 quisque
587 2274 708 2324 nationis
718 2275 849 2324 iunxerat
858 2277 967 2340 copias.

160 2335 263 2385 Persas
273 2334 374 2387 deinde
393 2351 454 2388 cum
465 2338 571 2390 Mardis
582 2339 787 2408 Sogdianisque
800 2341 968 2393 Ariobarza-

158 2416 210 2452 nes
220 2407 249 2452 ct
260 2401 399 2454 Orobates
409 2405 556 2458 ducebant.
578 2409 602 2459 8.
619 2408 663 2459 1111
674 2409 800 2474 partibus
812 2411 968 2475 copiarum,

159 2485 282 2521 summae
293 2470 408 2523 Orsines
419 2483 556 2542 praeerat,
570 2490 586 2525 a
596 2482 702 2542 septem
716 2475 809 2527 Persis
820 2478 970 2538 oriundus,

158 2537 193 2588 ad
205 2537 307 2605 cyrum
318 2555 429 2608 quoque
440 2542 643 2594 nobilissimum
654 2558 749 2611 regem
766 2545 908 2611 originem
925 2546 970 2596 sui

159 2603 295 2658 referens.
330 2609 355 2659 o.
374 2607 436 2659 iios
447 2609 520 2659 aliae
531 2618 639 2676 gentes,
650 2625 685 2662 ne
702 2611 789 2662 sociis
800 2612 915 2678 quidem
926 2627 970 2663 sa·

160 2674 196 2723 tis
207 2680 301 2736 notae,
313 2674 509 2742 sequebantur.
528 2677 599 2726 Post
608 2692 678 2743 quas
686 2679 891 2746 quinquaginta
902 2694 972 2746 qua-
