2054 3030
35 282 42 327 l

15 134 38 256 ,³⁸
118 179 150 230 on
302 172 727 252 rosunrnurnsuunrr

118 277 245 330 Philotas
266 281 295 324 et
309 275 470 326 Hellanicus
493 276 669 336 obstiterunt,
690 273 790 341 quibus
808 271 838 322 in
859 286 926 324 eam

25 331 38 408 ,f
119 347 191 396 diem
211 341 399 394 machinarum
414 345 543 395 custodia
557 349 691 393 cesserat:
714 346 742 391 et
751 340 926 404 Alexander,

21 408 24 414 '
118 418 224 462 mature
236 405 411 475 conspectus,
426 416 531 461 tantum
547 409 743 476 trepidationis
756 408 856 459 iniecit
871 406 924 458 ho»

118 480 201 528 stium
212 477 319 539 animis,
335 484 366 528 ut
376 477 486 529 omissis
497 475 615 538 facibus,
636 477 735 544 quibus
746 475 924 590 armatipro·

118 553 270 606 currerant,
285 546 397 612 quidam
411 546 494 596 etiam
505 560 581 595 arma
592 545 735 605 iacientes,
751 541 842 592 effusa
865 557 926 612 uga

119 611 248 679 oppidum
268 617 436 678 repeterent.
471 613 497 663 4.
515 612 582 662 lnde
602 613 656 662 rim
677 609 761 661 facile
779 609 925 675 propelle·

117 680 196 742 bant,
217 680 306 732 adiuti
316 680 514 732 commoditate
526 680 598 741 loci,
618 693 699 746 quem
708 677 795 728 multo
806 677 924 743 aequio-

117 763 175 800 rem
193 748 368 812 obtinebant3
389 754 418 798 et
432 749 497 815 quia
516 763 619 808 murus,
640 749 713 797 sicut
731 745 860 802 diximus,
880 744 927 794 ita

118 823 295 867 constructus
311 822 382 878 erat,
403 821 433 865 ut
447 829 637 934 quamcunque
651 820 756 880 partem
769 812 927 862 invasisset
1008 835 1009 858 r

118 881 217 946 bostis,
229 900 285 934 non
295 898 311 932 a
321 883 414 932 fronte
425 890 540 946 tantum,
555 897 585 933 se
619 897 654 932 ex
664 889 781 946 utroque
791 878 928 940 laterum,
1008 897 1009 912 r

118 951 271 1002 missilibus
291 950 386 1016 appeti
405 956 510 1015 posset.
547 950 571 998 5.
593 949 662 1000 Post
682 946 752 998 baec
772 945 924 998 Persarum

120 1021 219 1079 duces,
242 1033 325 1084 quum
340 1017 434 1066 omnia
449 1018 503 1067 sibi
514 1018 543 1067 in
560 1017 621 1066 dies
636 1016 759 1066 arctiora
771 1028 834 1065 esse
845 1013 925 1064 vide-

118 1092 198 1144 rent,
224 1090 420 1148 constaretque
439 1097 495 1134 non
515 1084 708 1150 abscessurum
726 1081 925 1144 Macedonem,

120 1155 210 1204 donet
225 1150 302 1200 urbis
316 1150 473 1216 potiretur,
494 1151 528 1200 de
544 1165 650 1201 summa
663 1166 755 1202 rerum
774 1149 926 1200 consilium

119 1218 267 1269 habebant.
286 1217 327 1268 lbi
338 1216 491 1282 Ephialtes,
499 1219 541 1268 vir
552 1218 635 1268 animi
646 1220 828 1284 corporisque
839 1217 925 1266 robo-

119 1301 150 1336 re
163 1286 192 1334 in
205 1285 301 1349 paucis
315 1287 493 1350 conspicuus,
508 1286 685 1336 incommoda
700 1287 802 1352 longae
816 1284 924 1334 obsidi-

121 1353 182 1404 onis
194 1352 339 1402 disseruit:
367 1353 391 1404 o.
409 1354 529 1420 negabat
548 1368 583 1403 ue
595 1354 819 1418 exspectandum,
833 1352 926 1402 donec

120 1419 265 1488 paullatim
277 1419 375 1470 accisis
386 1419 490 1472 viribus
502 1369 630 1472 exinanisti
639 1421 777 1488 fractique
789 1435 850 1471 cum
860 1420 927 1485 ipsa

120 1487 189 1538 urbe
199 1488 227 1536 in
238 1487 353 1538 victoris
364 1489 507 1540 arbitrium
518 1490 715 1553 concederent;
737 1489 786 1539 sed
798 1489 862 1538 dum
874 1487 926 1536 ali·

122 1554 188 1621 quid
198 1554 297 1604 virium
308 1563 478 1621 superesset,
493 1572 554 1607 cum
563 1556 665 1608 robore
677 1555 840 1607 conductitii
851 1553 927 1604 mili·

122 1625 158 1673 tis
170 1622 376 1687 erumpendum,
395 1631 424 1675 et
433 1624 572 1675 alacribus
584 1625 682 1675 animis
695 1639 755 1674 cum
766 1622 848 1674 hoste
860 1637 927 1673 con·

122 1688 272 1758 lligendum
285 1706 355 1743 esse.
387 1693 412 1743 7.
428 1693 582 1743 Consilium
592 1709 681 1754 suum,
695 1707 750 1759 quo
761 1692 790 1744 in
801 1691 926 1756 speciem

123 1759 256 1810 audacius
269 1766 353 1823 esset,
369 1775 402 1811 eo
417 1761 479 1828 plus
489 1763 518 1811 in
529 1761 708 1827 exsequendo
720 1758 866 1809 facilitatis
878 1756 927 1807 ha-

121 1827 251 1877 biturum.
286 1827 424 1879 Hostibus
435 1829 507 1879 eninr
518 1829 577 1879 alia
586 1829 678 1878 omnia
689 1826 929 1892 exspectantibus,

123 1901 151 1944 et
161 1894 294 1945 adversus
304 1910 407 1958 casum,
427 1898 461 1947 de
472 1911 526 1962 quo
538 1894 608 1946 nihil
618 1895 786 1958 dubitarent,
807 1895 928 1961 impara-

123 1963 167 2024 tis,
179 1960 354 2026 superlusum
365 1964 400 2012 iri
410 1979 485 2013 suos.
522 1963 546 2012 8.
565 1961 663 2029 Neque
676 1963 816 2025 Memnon,
832 1977 927 2028 quam·

125 2045 205 2097 quam
216 2033 298 2079 cauta
308 2030 427 2080 consilia
442 2031 578 2095 speciosis
597 2029 738 2096 praeferre
752 2031 862 2094 solitus,
883 2045 927 2081 re-

124 2098 204 2148 stitit.
233 2095 303 2146 Nam
315 2096 424 2147 etiamsi
435 2095 506 2146 nibil
516 2099 673 2161 novaretur,
685 2097 761 2148 nulla
770 2099 930 2166 propinqua

124 2164 222 2216 auxilii
232 2179 281 2232 spe
293 2165 400 2215 tristem
412 2165 567 2216 obsidionis
578 2167 683 2216 exitum
697 2164 759 2216 iore
773 2167 929 2234 prospicie-

123 2231 184 2294 bat3
206 2239 243 2294 et,
263 2233 332 2284 utin
343 2238 420 2283 tanto
433 2231 602 2296 discrimine,
623 2249 678 2284 non
686 2235 874 2285 inconsultum
883 2249 929 2283 re-

124 2299 215 2359 batur,
234 2301 355 2365 experiri
370 2301 458 2352 virum
473 2315 575 2364 acrem,
597 2308 625 2353 et
642 2303 688 2368 qui
699 2301 777 2352 velut
792 2303 930 2353 instinctu

123 2365 246 2482 quodam
265 2367 301 2416 ad
320 2374 444 2420 extrema
463 2368 591 2419 audenda
610 2376 750 2435 ageretur.
790 2370 815 2421 o.
838 2369 932 2436 igitur

148 2429 284 2498 phialtes,
306 2434 414 2486 duobus
424 2436 546 2487 millibus
558 2449 593 2486 ex
607 2437 682 2486 omni
692 2438 929 2488 mercenariorum

125 2513 239 2550 numero
252 2499 379 2564 delectis,
394 2502 471 2554 faces
481 2502 557 2554 mllle
567 2518 667 2569 parare
677 2504 763 2566 iubet,
783 2507 929 2570 primaque

124 2569 188 2618 luce
198 2567 307 2628 adesse,
325 2576 485 2621 etarmatos
498 2577 661 2636 exspectare
672 2571 825 2637 imperium.
858 2571 929 2620 Coe-

124 2641 173 2700 pta
190 2634 240 2684 die'
250 2650 331 2700 quum
345 2634 505 2688 Alexander
524 2638 626 2687 iterum
639 2651 716 2687 muro
732 2639 856 2690 lateritio
871 2652 929 2689 ma-

125 2699 222 2752 chinas
240 2702 419 2760 admovisset,
439 2707 631 2771 instarentque
648 2704 818 2758 Macedones
839 2705 932 2773 operi,
