2048 3034
2 377 3 399 n
103 351 186 402 stitui
201 350 230 400 ei
241 363 306 399 suas
322 363 389 415 opes
403 349 497 399 iussit:
517 349 607 398 virum

314 176 460 230 uraca
487 178 533 229 vr.
563 179 660 232 cnr.
688 181 714 229 2.
858 147 913 246 [aaa
1015 201 1016 246 ᾗ

103 283 254 343 reveritus,
273 296 328 333 nou
340 281 442 332 dimitti
451 280 536 331 niodo
548 281 694 346 captivam,
713 281 859 333 sedetiam
870 297 912 332 re-

101 423 218 484 reperto
240 416 386 483 coniugem
404 415 547 469 redderet,
580 415 605 464 9.
623 359 913 469 i’hhhhlhoridiihi'dig

101 485 250 554 praecepit
258 483 473 551 Hephaestioni,
481 488 511 533 ut
521 497 618 533 omnes
629 482 755 547 captivos
765 484 793 533 in
802 487 911 552 regiam

99 552 216 606 iuberet
224 551 333 603 adduci.
368 551 421 602 Ubi
432 551 605 617 singulorum
618 548 765 600 nobilitate
775 559 910 616 spectata,

101 619 226 674 secrevit
237 634 253 669 a
263 620 358 686 vulgo,
370 633 488 685 quorum
499 618 641 668 eminebat
650 631 748 683 genus.
766 615 872 670 Decem
882 619 910 670 hi

99 689 228 740 fuerunt:
249 687 324 737 inter
337 701 407 752 quos
422 691 550 749 repertus
562 691 606 734 est
616 681 755 735 Oxathres
766 682 847 735 Darii
856 685 910 737 ira-

99 764 157 819 ter,
167 771 222 806 non
232 753 308 805 illius
319 752 441 814 fortuna,
453 767 533 817 quam
544 751 640 803 indole
651 751 737 801 animi
746 753 790 802 sui
798 753 909 806 clarior.

102 827 145 875 10.
166 822 221 874 Sex
242 829 271 873 et
289 821 390 888 viginti
409 818 498 868 millia
514 818 651 869 talentum
665 819 793 884 proxima
806 821 911 885 praeda

101 891 219 944 redacta
229 893 321 940 erant:
342 901 357 938 e
369 892 429 954 quis
441 885 589 937 duodecim
600 885 688 936 millia
697 888 725 936 in
736 888 910 954 congiarium

99 959 221 1011 militum
241 957 369 1006 absumta
387 960 459 1004 sunt.
496 952 551 1003 Par
565 951 630 1004 huic
649 954 784 1020 pecuniae
805 970 911 1006 summa

100 1025 251 1078 custodum
270 1022 369 1073 fraude
384 1021 526 1072 subtracta
540 1027 591 1072 est.
629 1023 669 1072 ll.
690 1023 835 1088 Oxydates
850 1029 912 1074 erat

100 1091 208 1145 nobilis
219 1090 336 1150 Perses,
348 1090 407 1156 qui,
422 1105 439 1140 a
448 1088 536 1140 Dario
548 1089 663 1155 capitali
673 1091 811 1156 supplicio
825 1090 911 1142 desti·

100 1168 194 1221 natus,
215 1155 398 1209 cohibebatur
410 1157 439 1207 in
456 1157 587 1221 vinculis;
607 1155 672 1208 huic
687 1157 807 1210 liberato
824 1164 911 1210 satra·

99 1230 176 1296 piam
191 1225 303 1277 Mediae
321 1225 460 1277 attribuit:
480 1224 651 1293 fratremque
665 1224 745 1276 Darii
758 1226 867 1293 recepit
881 1225 912 1278 in

102 1294 248 1348 cohortem
259 1293 503 1357 amicorum,0mni
514 1299 642 1345 vetustae
653 1294 790 1346 claritatis
802 1292 910 1346 honore

101 1369 223 1416 serrato.
265 1364 304 1411 12.
333 1361 407 1412 llinc
427 1362 456 1411 in
476 1360 654 1413 Parthienem
674 1369 836 1428 perventum
855 1370 908 1425 est,

100 1439 167 1483 tunc
176 1429 329 1498 ignobilem
341 1435 463 1496 gentem,
473 1445 545 1480 nune
556 1436 641 1495 caput
650 1431 834 1498 omnium,qui
844 1436 911 1498 post

98 1497 270 1566 Euphratem
282 1502 311 1547 et
321 1497 428 1562 Tigrim
440 1511 534 1548 amnes
545 1497 606 1558 siti,
628 1497 713 1548 rubro
728 1500 799 1548 mari
816 1498 909 1550 temni·

99 1573 212 1617 nantur.
249 1563 290 1613 13.
310 1561 432 1628 Scythae
441 1566 587 1630 regionem
598 1572 781 1631 campestrem
791 1580 824 1615 ac
831 1564 910 1617 ferti·

101 1634 158 1684 lem
170 1636 385 1697 occupaverunt,
397 1645 497 1696 graves
508 1630 599 1681 adhuc
609 1632 732 1684 accolae.
762 1631 851 1684 Sedes
863 1632 910 1682 ha·

98 1701 169 1752 bent
179 1704 208 1750 et
217 1700 246 1749 in
256 1697 384 1762 Europa,
406 1706 434 1747 et
442 1697 471 1746 in
481 1699 559 1748 Asia:
583 1698 629 1763 qui
640 1697 911 1764 superBosphorum
955 1726 956 1729 ¹

100 1769 208 1828 colunt,
219 1765 416 1817 adscribuntur
425 1763 522 1826 Asiac3
542 1769 571 1815 at
583 1765 629 1832 qui
639 1765 668 1813 in
678 1765 792 1831 Europa
803 1772 882 1828 sunt,
894 1781 911 1816 a

4 1841 5 1860 ¹
99 1837 183 1887 laevo
199 1832 337 1885 Thraciae
351 1831 440 1883 latere
458 1832 493 1882 ad
507 1829 724 1898 Borysthenem,
745 1837 829 1898 atquc
844 1833 910 1884 inde

4 1949 5 1959 2
100 1904 137 1954 ad
147 1901 281 1964 Tanaim,
294 1901 378 1951 alium
388 1915 510 1964 amnem,
522 1905 600 1950 recta
610 1900 693 1967 plaga
704 1901 831 1950 attinent.
868 1900 909 1951 ld.

99 1971 206 2024 'Tanais
221 1968 360 2035 Europam
381 1975 410 2020 et
426 1968 523 2018 Asiam
542 1968 651 2032 medius
669 1965 816 2019 interlluit.
851 1966 911 2020 Nec

99 2039 253 2099 dubitatur,
265 2037 331 2104 q'uin
343 2035 475 2103 Scythae,
487 2037 535 2105 qui
547 2035 668 2088 Parthos
680 2036 843 2097 condidere,
854 2050 911 2087 non
973 2073 974 2076 ,

100 2103 291 2172 aBosphorc,
312 2103 362 2155 sed
376 2119 411 2156 ex
423 2104 539 2171 regione
550 2104 680 2171 Europae
691 2104 916 2170 penetraverint:

99 2174 140 2224 lt.
164 2174 237 2225 Urbs
258 2176 319 2223 crat
339 2186 374 2222 ea
391 2177 558 2238 tempestate
579 2173 655 2223 clara
674 2171 907 2238 Hecatompylos,

100 2241 215 2294 condita
226 2256 243 2290 a
253 2238 382 2290 Graecis:
403 2239 444 2290 ibi
454 2240 556 2291 stativa
565 2255 617 2291 rex
627 2239 737 2302 habuit,
749 2241 908 2292 commeati-

96 2309 152 2361 bus
171 2309 294 2375 undiquc
310 2307 445 2358 advectis.
482 2308 692 2373 ltaqucrumor‚
714 2306 800 2358 otiosi
810 2308 907 2360 militis

97 2377 207 2438 vitium,
228 2377 289 2428 sine
311 2383 426 2426 auctore
445 2374 617 2440 percrebuit,
635 2389 731 2442 regem
747 2380 907 2430 contentum

7 2437 8 2490 ἶ
98 2443 195 2506 rebus,
206 2459 274 2510 quas
286 2441 666 2509 gessisset,inMaccdoniam
676 2443 802 2509 protinus
812 2445 907 2497 redire

98 2511 243 2564 statuisse.
279 2509 320 2560 lo.
339 2510 509 2562 Discurrunt
527 2508 678 2576 lymphatis
698 2510 805 2564 similes
824 2513 853 2562 in
866 2517 907 2562 ta-

96 2579 260 2639 bernacula,
282 2583 310 2628 et
321 2579 416 2630 itineri
427 2577 550 2629 sarcinas
562 2583 669 2644 aptant:
689 2577 798 2646 signum
812 2578 908 2628 datum

96 2648 278 2709 crederes,ut
287 2659 354 2697 vasa
363 2646 538 2712 colligerent.
559 2645 641 2697 Totis
652 2647 751 2698 castris
762 2645 907 2710 tumultus,

95 2711 163 2768 hinc
174 2712 392 2767 contubernales
403 2729 469 2764 suos
480 2713 693 2780 requirentium,
716 2711 779 2764 hinc
790 2727 906 2765 oneran-
