2098 3040
372 219 518 272 araas
543 199 595 271 rx.
623 223 718 273 cnr.
743 225 767 274 s.
919 227 969 278 ars

163 319 276 371 candidi
284 319 391 371 talenta
403 326 525 382 centum3
544 323 568 371 2.
579 321 731 390 leonesque
742 339 821 376 rarae
831 340 877 377 ma
918 327 924 339 ‘
958 354 969 367 ·

131 425 132 428 ,
163 387 246 450 dinis,
257 393 287 438 et
296 387 397 454 tigres,
408 394 555 454 utrumque
569 389 670 440 animal
680 389 714 438 ad
726 331 968 446 mansuetuffi
1034 447 1035 450 ,

164 454 311 516 domitum;
331 456 497 506 lacertarum
517 470 628 522 quoque
646 458 801 523 ingentium
819 460 918 528 pelles,
940 467 969 510 et

163 521 248 572 dorsa
267 523 445 574 testudinum.
481 522 506 573 3.
526 523 642 574 Cratero
657 523 758 574 deinde
773 527 891 593 imperat
904 543 965 588 rex,

163 587 236 640 haud
247 589 344 655 procul
353 605 443 652 amne,
465 605 515 656 per
529 605 610 656 quem
626 596 688 640 erat
699 591 759 658 ipse
775 597 965 660 navigaturus,

162 656 257 724 copias
275 658 401 708 duceret:
423 672 472 708 eos
488 663 589 720 autem,
612 659 660 724 qui
678 659 806 708 comitari
820 675 881 709 eum
892 662 965 712 sole-

162 725 235 786 bant,
249 725 368 790 imponit
377 725 405 774 in
416 739 509 785 naves,
523 731 551 775 et
561 726 590 774 in
602 725 671 776 lines
681 725 831 776 Mallorum
842 729 964 779 secundo

161 805 238 842 amne
250 789 405 842 devehitur.
440 792 465 840 4.
476 790 542 842 lnde
554 791 691 844 Sabarcas
702 793 781 854 adiit,
791 793 913 844 validam
923 794 965 844 ln-

159 859 222 909 diae
234 864 356 925 gentem,
376 873 447 926 quae
458 859 564 925 populi,
583 875 639 910 non
649 874 746 927 regum
756 861 875 928 imperio
887 876 965 930 rege-

159 926 249 976 batur.
286 925 439 992 Sexaginta
448 925 536 977 millia
545 927 669 993 peditum
680 926 829 990 habebant,
841 929 965 994 equitum

159 1006 210 1042 sex
218 987 318 1043 millia:
335 991 384 1043 has
396 994 492 1060 copias
503 1008 600 1046 currus
611 995 756 1062 quingenti
767 995 964 1062 sequebantur.

159 1061 229 1110 Tres
250 1059 335 1110 duces
356 1065 497 1126 spectatos
516 1061 621 1112 virtute
635 1063 902 1130 bellicaelegerant.
939 1063 970 1112 5:

158 1129 193 1176 At
203 1127 289 1193 quiin
299 1129 375 1195 agris
386 1134 465 1179 erant
474 1131 592 1194 proximi
603 1129 719 1192 flumini,
731 1129 906 1198 (frequentes
918 1144 965 1180 au-

157 1202 215 1244 tem
225 1195 312 1258 vicos,
322 1197 443 1246 maxime
453 1197 482 1246 in
493 1197 561 1263 ripa,
569 1195 720 1262 habebant)
727 1205 757 1249 ut
767 1199 862 1248 videre
873 1202 965 1248 totum

158 1275 274 1324 amnem,
288 1278 341 1328 qua
350 1265 474 1330 prospici
483 1271 604 1330 poterat,
616 1266 735 1334 navigiis
747 1271 928 1326 constratum,
936 1271 966 1315 et

157 1336 199 1380 tot
209 1330 325 1380 millium
332 1346 412 1382 arma
424 1330 570 1400 fulgentia,
591 1335 683 1384 territi
702 1349 774 1387 nora
791 1333 875 1396 facie,
897 1332 963 1384 deo-

157 1413 215 1448 rum
228 1400 390 1462 exereitum,
403 1406 431 1450 et
440 1401 525 1451 alium
535 1399 667 1452 Liberum
678 1409 798 1468 patrem,
810 1401 923 1453 celebre
933 1401 963 1450 in

156 1465 351 1532 illis-gentibus
362 1478 471 1527 nomeu,
484 1467 635 1518 adventare
647 1470 806 1519 credebant.
843 1470 868 1520 o.
887 1469 962 1519 Hine

157 1532 273 1582 militum
292 1532 411 1594 clamor,
432 1531 502 1596 ‚hino
521 1547 660 1584 remorum
681 1534 790 1600 pulsus,
811 1537 961 1602 variaeque

156 1604 300 1648 nautarum
312 1613 396 1648 voces
408 1597 590 1662 hortantium,
609 1601 724 1665 pavidas
739 1615 820 1651 aures
830 1601 962 1667 impleve-

156 1671 228 1715 rant.
263 1666 289 1715 i.
308 1665 385 1732 Ergo
401 1666 524 1716 universi
538 1667 573 1716 ad
588 1680 647 1728 eos,
670 1669 716 1733 qui
731 1669 759 1717 in
774 1670 858 1718 armis
873 1675 960 1728 erant,

157 1738 280 1791 currunt,
291 1731 384 1783 furere
396 1733 581 1794 clamitantes,
592 1748 653 1783 cum
665 1735 718 1784 diis
733 1735 870 1799 proellum
880 1735 963 1784 initu-

155 1815 212 1850 ros.
248 1798 368 1866 Navigia
378 1815 435 1850 nou
444 1815 528 1866 posse
538 1803 687 1862 numerari,
703 1816 774 1868 quae
785 1802 906 1852 invictos
917 1816 962 1853 re-

155 1867 262 1918 herent.
298 1869 472 1934 Tantumque
492 1868 693 1918 inexercitum
713 1883 827 1919 suorum
842 1869 962 1919 intulere
1034 1891 1035 1896 ¹

155 1935 282 1999 terroris,
301 1941 332 1986 ut
346 1936 457 2003 legatos
468 1935 612 1986 mitterent
622 1942 734 2002 gentem
745 1936 900 1986 dedituros.
936 1936 960 1984 8.

153 2002 207 2052 His
218 2003 246 2052 in
256 2003 340 2054 fidem
352 2004 489 2070 acceptis,
510 2002 545 2053 ad
557 2003 626 2054 alias
639 2003 739 2055 deinde
750 2009 849 2070 gentes
861 2008 961 2070 quarto
1033 2029 1035 2034 ,

154 2071 200 2121 die
210 2071 344 2136 pervenit
363 2069 458 2122 Nihilo
470 2071 532 2138 plus
543 2071 628 2120 animi
638 2069 680 2121 his
691 2071 754 2134 luit,
766 2085 847 2138 quam
858 2071 961 2121 ceteris

154 2137 254 2188 fuerat.
273 2138 370 2202 ltaque
382 2139 485 2204 oppido
495 2138 535 2190 ibi
547 2138 671 2201 condito,
684 2137 961 2205 quodAlexandriam

153 2205 291 2272 appellari
301 2204 431 2268 iusserat,
451 2207 521 2257 fines
533 2221 638 2267 eorum,
659 2208 707 2273 qui
717 2205 857 2256 Musicani
868 2201 961 2272 appel·

152 2274 254 2335 lentur,
274 2272 398 2324 intravit.
434 2273 458 2322 9.
478 2273 534 2323 llio
548 2274 582 2324 de
593 2275 720 2324 Teriolte
738 2280 857 2341 satrape,
879 2287 961 2342 quem

153 2339 380 2407 Parapamisadis
393 2340 583 2407 praefecerat,
605 2341 706 2392 iisdem
716 2342 897 2409 arguentibus
914 2355 960 2392 oo-

152 2410 261 2476 gnorit:
272 2408 414 2474 multaque
426 2423 508 2460 avare
518 2424 551 2460 ac
560 2408 679 2476 superbe
687 2408 790 2461 fecisse
802 2409 960 2462 convictum

151 2477 273 2527 interfici
282 2477 374 2527 iussit.
400 2477 441 2526 10.
454 2476 604 2543 Oxyartes,
615 2482 728 2544 praetor
737 2477 960 2536 Bactrianorum,

151 2557 208 2594 non
219 2544 362 2596 absolutus
373 2545 474 2606 modo,
489 2545 538 2596 sed
553 2545 636 2596 etiam
647 2547 709 2596 iure
720 2545 863 2612 amplioris
875 2542 961 2662 impe·

148 2611 188 2664 rii
206 2609 326 2664 donatus
339 2619 391 2665 est.
426 2611 543 2666 Finibus
552 2612 706 2665 Musicanis
714 2611 822 2665 deinde
836 2608 906 2662 indi
931 2624 961 2662 o-

148 2687 215 2748 nem
223 2675 359 2742 reddetis,
377 2677 548 2732 urbicorum
558 2679 729 2748 praesidium
737 2677 881 2748 imposuit.
918 2677 959 2728 ll.

149 2745 218 2798 inde
233 2745 378 2810 Praestos,
399 2753 427 2798 et
443 2749 532 2814 ipsam
543 2747 640 2800 indiae
655 2753 777 2816 gentem,
798 2749 960 2811 perventum
