2054 3030
96 245 144 295 mr
278 235 708 295 rosumerernsunuu
748 267 750 274 =

96 350 201 396 anneta
215 356 298 392 manu
312 341 440 409 utrinque
454 341 622 394 insederant.
656 343 682 393 τ.
700 340 858 394 Alexander
866 341 898 395 ln

94 415 157 479 ipso
168 409 246 464 aditu
256 414 348 460 castra
357 411 425 528 poni
433 409 520 472 iubet,
531 414 618 473 renus,
633 409 708 528 quod
718 409 819 470 evenit,
830 408 897 461 'l'el-

94 477 353 530 missensescastris
375 476 628 543 ocatispericulum
653 475 897 528 ifferricredentes

95 560 150 596 non
161 542 208 595 diu
219 541 353 595 haesuros
363 544 392 594 in
403 544 549 610 angustiis,
562 545 613 596 sed
623 545 733 596 modico
743 544 772 594 in
783 542 843 594 illie
851 555 897 594 re·

95 613 164 664 licto
174 611 437 680 praesidioceteros
447 611 477 661 in
486 611 582 663 urbem
591 625 753 664 recessuros
764 624 837 663 esse.
868 611 895 660 8.

95 679 183 747 Igitur
193 679 341 731 occasione
352 677 426 730 haud
436 679 646 747 segniterusus,
665 678 792 746 protinus
809 677 897 746 sagit·

94 747 182 799 terias
193 753 222 799 et
231 745 398 809 funditores,
418 746 547 814 quodque
558 761 593 798 ex
603 747 681 815 gravi
691 751 831 797 amnatura
838 759 886 796 ura

93 811 895 948 lllttlsstttlmttiltlltitsl{attitulati

315 918 322 942 ,
576 919 577 922 ,
838 915 845 930 .
888 916 894 930 .

92 949 135 1000 lbi
153 950 264 1018 legatos
277 948 452 1014 Selgensium
471 949 557 1010 audit,
576 948 624 1016 qui
643 948 678 1000 ob
692 953 816 1000 vetustas
831 959 895 998 cum

92 1018 192 1069 ricinis
207 1014 442 1067 Telmiesensibus
459 1015 622 1077 simultates,
643 1029 805 1083 quamquam
822 1014 894 1065 eius-

95 1084 157 1135 dem
168 1083 289 1134 nationis
301 1087 403 1144 essent,
423 1081 572 1132 amicitiam
581 1097 613 1133 ac
623 1082 728 1135 auxilia
738 1079 896 1133 offerebant

93 1153 164 1231 regi.
201 1149 307 1210 Quibus
317 1148 486 1215 perbenigne
497 1149 635 1215 exceptis,
655 1164 690 1202 ne
703 1150 732 1200 in
746 1149 894 1201 obsidione

69 1267 71 1270 .
93 1233 175 1269 unius
193 1215 271 1266 urbis
286 1221 394 1281 tempus
408 1221 523 1278 tereret,
539 1215 717 1296 Sagalaesum
732 1222 824 1268 castra
836 1231 895 1267 nro·
958 1244 960 1248 ·

93 1285 147 1346 vit,
161 1283 281 1334 validam
296 1282 392 1333 urbem
411 1289 440 1333 et
452 1282 604 1335 iuventutis
626 1284 728 1335 robore
749 1283 894 1336 iunctm

94 1351 185 1414 Quian
196 1351 375 1402 enimomnes
386 1349 498 1402 Pisidae
509 1350 638 1402 bellicosi
644 1351 735 1414 siut,S
790 1351 895 1415 lassen-

93 1434 139 1472 eee
160 1433 227 1486 prae
242 1419 343 1470 ceteris
362 1433 502 1486 pugnaces
523 1415 667 1470 habentur.
704 1421 744 1470 lt).
760 1419 795 1481 ti,
812 1433 896 1486 quum

94 1487 179 1538 etiam
199 1499 216 1537 a
234 1484 374 1537 Telmieso
390 1485 553 1538 foederatae
569 1486 719 1554 sociaeque
735 1486 834 1552 copiae
849 1501 895 1537 ve·

93 1554 209 1616 nissent,
221 1552 287 1604 viris
297 1554 385 1621 magis
397 1569 478 1620 quam
487 1555 632 1607 moenibus
644 1554 752 1615 conlisi,
763 1555 792 1604 in
803 1553 895 1604 vicino

94 1620 167 1673 colle
174 1620 364 1672 instruxerant
369 1623 471 1684 aciem,
479 1627 510 1674 et
519 1622 687 1690 praemissos
698 1621 732 1672 ab
738 1621 895 1672 Alexandro

91 1687 192 1740 velites
214 1689 423 1755 opportunitate
445 1689 503 1742 loci
532 1689 619 1741 adiuti
642 1690 816 1757 repulerant3
845 1689 896 1740 sed

90 1755 206 1824 Agriani
216 1756 394 1820 resistebant,
408 1761 470 1826 quie
481 1759 636 1825 propinqua
645 1757 701 1808 iam
709 1755 897 1808 Macedonum

91 1823 221 1892 phalanx,
242 1829 270 1876 et
286 1830 349 1876 ante
362 1824 451 1892 prima
467 1827 547 1894 sigua
562 1839 614 1876 rex
624 1831 790 1890 conspectus
810 1823 898 1876 auda·

92 1892 164 1944 ciam
179 1891 332 1944 addiderat.
368 1895 409 1943 11.
426 1893 563 1944 Maximus
584 1891 666 1942 militi
684 1891 765 1943 labor
778 1891 832 1944 luit
846 1905 898 1959 per

92 1958 179 2011 ardua
194 1959 311 2010 conniti:
335 1965 481 2024 postquam
501 1959 681 2026 aequioribus
702 1959 798 2026 paullo
821 1959 896 2009 locis

93 2027 248 2078 consistere
258 2025 351 2077 datum
362 2030 414 2088 est,
424 2040 588 2078 semermum
597 2026 897 2094 montanorumrulgus

92 2090 166 2145 haud
190 2109 274 2162 aegre
298 2093 445 2144 disiecere.
493 2094 536 2146 Ex
563 2093 748 2146 Macedonum
777 2094 895 2146 ducibus

94 2160 896 2230 cleanderdesideratusost,cumngintitcrnenilitibus:

91 2227 272 2281 barbarorum
291 2229 326 2280 ad
344 2231 510 2296 quingentos
525 2229 667 2293 cecidere;
687 2235 798 2282 ceteros
813 2243 897 2298 expe·

93 2295 153 2345 dita
162 2293 243 2362 luga,
258 2303 287 2348 et
300 2297 426 2348 locorum
435 2297 537 2364 notitia
546 2299 678 2365 protexit.
716 2299 756 2349 la.
776 2297 897 2365 Fugien-

93 2361 167 2412 tibus
178 2367 269 2414 tamcn
279 2364 383 2416 institit
391 2378 456 2428 rex,
471 2367 660 2428 contentione,
672 2371 775 2432 quauta
784 2371 898 2434 poterat

91 2433 362 2498 tamgraveagmen:
384 2432 538 2500 eodemque
552 2433 659 2512 impetu
668 2433 734 2485 urbs
744 2447 842 2485 eorum
851 2445 897 2484 ca·

91 2502 140 2563 pta
162 2500 214 2547 est.
249 2497 304 2548 Per
330 2504 425 2551 cetera
445 2499 545 2551 deinde
565 2499 689 2552 Pisidiae
709 2501 816 2552 munita
832 2500 899 2551 loca

92 2563 261 2615 circumtulit
272 2564 391 2618 bellum:
411 2581 527 2634 quorum
543 2567 676 2618 nonnulla
687 2569 837 2636 pugnaudo
853 2581 899 2618 ce·

89 2630 143 2696 pit;
164 2631 219 2681 alia
232 2631 438 2684 conditionibus
452 2634 481 2684 ln
500 2633 735 2686 fidemvenerunt.
773 2635 813 2687 18.
831 2633 899 2686 Tel·

89 2697 204 2748 missum
215 2707 407 2766 expugnatam,
420 2700 454 2751 ob
465 2701 647 2768 pertinaciam
658 2702 768 2766 civium,
777 2703 839 2754 solo
851 2715 899 2753 ee-

90 2765 196 2830 quarit:
208 2765 311 2832 populo
323 2766 481 2817 libertatem
491 2768 606 2832 ademit3
618 2774 648 2819 et
656 2768 751 2836 paulic
762 2776 898 2835 postcum
