2048 3034
78 187 130 239 216
296 179 466 242 oolN'rl
496 179 665 232 cortrll

79 301 150 356 quae
161 281 336 335 manentibus
347 283 486 332 instarent
494 281 627 348 pericula,
640 288 793 332 ostentans.
818 279 887 330 Per·

80 368 173 406 aarum
183 351 304 402 carnium
315 350 412 400 eadem
423 348 484 400 lere
493 349 548 400 fuit
556 347 707 412 vox,neias
718 363 780 399 esse
792 347 887 400 deseri

78 434 183 488 regem.
207 419 260 469 «ll.
271 419 347 468 inter
356 416 426 469 baec
435 417 589 467 Artabazus
600 417 727 468 omnibus
735 420 886 482 imperato·

79 488 118 538 ris
138 486 307 553 fungebatur
325 485 435 537 officiis.
471 484 522 536 llle
538 483 686 536 Persarum
704 483 889 544 tabernacula

81 555 242 616 carandra,
255 552 373 613 hortari,
385 566 500 605 monere
511 567 584 602 nunc
594 551 731 620 singulos,
741 567 814 602 nunc
825 553 885 602 uni-

81 637 192 684 versos,
204 637 260 672 non
269 630 334 672 ante
345 620 461 681 destitit,
474 635 557 688 quarn
565 621 635 670 setis
647 625 790 670 constaret
798 619 887 685 irnpe-

80 696 142 742 rata
150 688 285 740 lecturos.
321 688 396 738 idem
406 701 492 753 aegre
502 702 520 737 a
528 685 615 738 Dario
626 688 795 753 impetrarit,
807 693 837 736 ut
847 687 886 737 ci-

80 758 145 808 bam
156 763 278 826 caperet,
289 755 464 822 animumque
475 756 562 820 regis.

132 825 166 875 X.
186 827 220 876 At
231 824 336 874 Bessus
350 830 379 874 et
393 823 575 873 Nabarzanes
588 821 655 872 olim
669 821 804 889 agitatum
825 835 888 872 sce·

80 893 127 944 lus
137 892 253 958 exsequi
263 896 397 952 statuunt,
406 891 488 957 regni
499 889 651 956 cupiditate
661 890 784 940 accensi:
796 887 890 938 Dario

81 967 173 1010 autem
184 959 316 1010 ineolumi
325 963 417 1008 tentas
429 973 499 1023 opes
507 971 620 1022 sperare
631 971 685 1008 non
695 959 835 1022 poterant.
859 958 890 1006 2..

82 1028 191 1094 Quippe
204 1027 233 1076 in
246 1025 304 1076 illis
318 1025 448 1090 gentibus
462 1039 558 1090 regum
574 1025 675 1076 eximia
684 1024 815 1074 maiestas
828 1029 886 1074 est.-

81 1095 233 1146 adnomen
247 1105 357 1158 quoque
371 1091 484 1142 barbari
503 1092 683 1153 conveniunt3
703 1097 732 1142 et
749 1091 892 1156 pristinae

80 1161 225 1214 veneratio
242 1158 373 1209 fortunae
388 1159 515 1225 sequitur
533 1159 687 1210 adversam.
723 1159 747 1210 3.
767 1155 889 1210 lnllabet

81 1230 181 1296 impios
197 1226 303 1277 animos
318 1226 407 1293 regio,
429 1227 473 1277 cui
486 1236 642 1293 praeerant,
664 1227 747 1278 annis
762 1226 890 1293 virisque

82 1303 110 1348 et
129 1294 220 1360 spatio
244 1292 370 1343 locorum
393 1293 462 1344 nulli
484 1308 579 1344 earum
605 1296 727 1360 gentium
752 1293 890 1344 secunda.

82 1362 206 1414 Tertiam
225 1366 333 1426 partem
351 1360 433 1410 Asiae
453 1367 541 1411 tenet:
566 1361 716 1413 multitudo
736 1363 891 1425 iuniorum,

82 1428 231 1489 exercitus,
252 1441 323 1494 quos
333 1428 466 1478 amiserat
474 1427 587 1491 Darius,
607 1430 752 1496 aequabat.
787 1429 812 1478 4.
832 1429 889 1480 lta-

83 1511 136 1564 que
147 1509 202 1546 non
213 1494 291 1546 illurn
300 1495 394 1557 modo,
415 1495 465 1546 sed
476 1502 505 1546 et
513 1496 697 1548 Alexandrum
708 1496 890 1564 spernebant,

82 1562 147 1614 inde
157 1563 231 1613 vires
242 1563 351 1628 imperii
361 1565 519 1630 repetituri,
530 1565 553 1614 si
565 1566 690 1633 regionis
700 1565 787 1630 potiri
797 1566 889 1615 confi·

102 1632 180 1682 isset.
215 1629 240 1682 ⁵.
251 1629 308 1681 Diu
319 1631 445 1682 omnibus
456 1633 596 1700 rogitatis,
606 1632 712 1698 placuit
721 1646 771 1698 per
781 1631 893 1683 milites

81 1647 258 1761 {artmanoa
278 1697 314 1750 ad
328 1713 408 1750 omne
423 1699 586 1767 obsequium
599 1701 769 1761 destinatos,
789 1713 890 1766 regern

84 1765 334 1832 comprehendere3
353 1769 481 1834 mittique
501 1770 626 1819 nuntium
641 1769 676 1819 ad
688 1767 888 1830 Alexandrum,

84 1835 130 1902 qui
141 1835 288 1898 indicaret,
298 1835 388 1886 virum
399 1837 538 1886 asservari
548 1851 624 1887 eum:
647 1835 671 1886 6.
683 1838 716 1899 si,
727 1835 756 1886 id
767 1835 843 1902 quod
853 1838 889 1887 ti-

82 1903 203 1964 mebant,
223 1903 411 1968 proditionem
421 1910 584 1968 aspernatus
595 1909 679 1965 esset,
699 1902 821 1954 occisuri
831 1902 890 1953 Da·

82 1971 167 2033 mum,
187 1969 326 2021 etBactra
340 1985 401 2020 cum
413 1984 525 2019 suarum
535 1971 658 2035 gentium
668 1986 751 2021 manu
761 1971 889 2037 petituri.
936 2008 940 2017 .

83 2038 108 2087 7.
125 2037 254 2088 Ceterum
266 2035 409 2102 propalam
420 2035 617 2104 comprehendi
629 2037 731 2088 Darius
741 2053 795 2089 non
828 2046 893 2089 ote·

82 2111 136 2166 rat,
155 2110 199 2156 tot
209 2103 355 2156 Persarum
371 2102 494 2153 millibus
505 2103 605 2156 laturis
616 2120 696 2171 opem
706 2105 779 2171 regi:
801 2052 893 2156 grae·

84 2175 304 2238 eorumquoque
319 2168 388 2218 tides
404 2169 561 2223 timebatur.
596 2174 621 2223 8.
640 2173 736 2240 ltaque
747 2173 823 2240 quod
833 2189 891 2224 non

83 2243 216 2306 poterant
226 2236 262 2297 vi,
272 2234 371 2286 fraude
381 2237 494 2304 assequi
503 2244 623 2302 tentant:
633 2239 835 2308 poenitentiam
847 2255 890 2290 se-

85 2303 224 2355 cessionis
243 2302 375 2353 simulare
395 2303 591 2370 decreverant,
613 2315 642 2359 et
660 2321 797 2360 excusare
816 2323 831 2355 a
853 2307 894 2360 ud·

84 2384 181 2438 regern
201 2371 454 2423 consternationem
474 2389 560 2424 suana
595 2375 620 2426 9.
640 2376 752 2427 interim
763 2374 811 2440 qui
848 2389 892 2425 er-

85 2453 131 2489 sas
143 2435 338 2500 sollicitarent,
358 2440 513 2492 mittuntur.
549 2442 623 2492 Hine
641 2458 704 2510 spe,
730 2440 794 2491 hinc
813 2449 893 2492 mete

84 2505 220 2556 militares
232 2505 339 2557 animos
350 2513 471 2558 versant:
482 2509 580 2560 ruinae
589 2525 682 2561 rerum
693 2510 759 2560 illos
769 2509 895 2560 subdere

85 2574 186 2638 capita,
197 2573 226 2622 in
236 2574 388 2638 perniciem
397 2573 484 2626 trabi:
503 2591 586 2642 quum
596 2577 699 2628 bactra
708 2583 833 2644 pateant,
845 2591 896 2627 ex-

86 2647 201 2706 ceptura
211 2655 260 2690 eos
272 2639 352 2692 donis
364 2649 392 2693 et
403 2643 554 2706 opulentia,
575 2651 704 2710 quantam
715 2645 815 2695 animis
826 2659 893 2694 con·

85 2707 178 2774 cipere
190 2724 243 2758 non
255 2710 373 2775 possint.
411 2711 451 2760 lo.
463 2710 542 2760 ilaec
554 2711 725 2776 agitantibus
734 2713 899 2764 Artabazus
