<?xml version="1.0" encoding="UTF-8"?>
<!DOCTYPE html PUBLIC "-//W3C//DTD XHTML 1.0 Transitional//EN"
    "http://www.w3.org/TR/xhtml1/DTD/xhtml1-transitional.dtd">
<html xmlns="http://www.w3.org/1999/xhtml" xml:lang="en" lang="en">
 <head>
  <title>
</title>
<meta http-equiv="Content-Type" content="text/html;charset=utf-8" />
  <meta name='ocr-system' content='tesseract 3.04.00' />
  <meta name='ocr-capabilities' content='ocr_page ocr_carea ocr_par ocr_line ocrx_word'/>
</head>
<body>
  <div class='ocr_page' id='page_1' title='image "./qcurtiirufidere00johagoog_0386.png"; bbox 0 0 2098 3040; ppageno 0'>
   <div class='ocr_carea' id='block_1_1' title="bbox 96 199 766 282">
    <p class='ocr_par' dir='ltr' id='par_1_1' title="bbox 96 199 766 282">
     <span class='ocr_line' id='line_1_1' title="bbox 96 199 766 282; baseline -0.012 -7"><span class='ocrx_word' id='word_1_1' title='bbox 96 225 147 276; x_wconf 80' lang='lat'>374</span> <span class='ocrx_word' id='word_1_2' title='bbox 317 219 487 282; x_wconf 76' lang='lat' dir='ltr'>uuru&#39;rr</span> <span class='ocrx_word' id='word_1_3' title='bbox 516 219 682 270; x_wconf 73' lang='lat' dir='ltr'>cua&#39;rrr</span> <span class='ocrx_word' id='word_1_4' title='bbox 762 199 766 206; x_wconf 84' lang='lat'>&#39;</span> 
     </span>
    </p>
   </div>
   <div class='ocr_carea' id='block_1_2' title="bbox 42 317 925 2814">
    <p class='ocr_par' dir='ltr' id='par_1_2' title="bbox 42 317 925 2814">
     <span class='ocr_line' id='line_1_2' title="bbox 96 317 898 386; baseline -0.01 -10"><span class='ocrx_word' id='word_1_5' title='bbox 96 332 147 376; x_wconf 88' lang='lat' dir='ltr'>est.</span> <span class='ocrx_word' id='word_1_6' title='bbox 185 322 350 372; x_wconf 80' lang='lat' dir='ltr'><strong>Porticanus</strong></span> <span class='ocrx_word' id='word_1_7' title='bbox 365 337 417 374; x_wconf 81' lang='lat' dir='ltr'>rex</span> <span class='ocrx_word' id='word_1_8' title='bbox 432 327 501 383; x_wconf 84' lang='lat' dir='ltr'>erat,</span> <span class='ocrx_word' id='word_1_9' title='bbox 522 321 569 386; x_wconf 85' lang='lat' dir='ltr'>qui</span> <span class='ocrx_word' id='word_1_10' title='bbox 584 334 615 371; x_wconf 88' lang='lat' dir='ltr'>se</span> <span class='ocrx_word' id='word_1_11' title='bbox 630 322 752 370; x_wconf 88' lang='lat' dir='ltr'>munitae</span> <span class='ocrx_word' id='word_1_12' title='bbox 762 317 826 368; x_wconf 89' lang='lat' dir='ltr'>urbi</span> <span class='ocrx_word' id='word_1_13' title='bbox 837 333 898 368; x_wconf 88' lang='lat' dir='ltr'>cum</span> 
     </span>
     <span class='ocr_line' id='line_1_3' title="bbox 95 384 899 458; baseline -0.012 -15"><span class='ocrx_word' id='word_1_14' title='bbox 95 405 196 458; x_wconf 87' lang='lat' dir='ltr'>magna</span> <span class='ocrx_word' id='word_1_15' title='bbox 209 405 291 439; x_wconf 88' lang='lat' dir='ltr'>manu</span> <span class='ocrx_word' id='word_1_16' title='bbox 306 389 481 455; x_wconf 85' lang='lat' dir='ltr'>popularium</span> <span class='ocrx_word' id='word_1_17' title='bbox 494 388 655 440; x_wconf 76' lang='lat' dir='ltr'>incluserat.</span> <span class='ocrx_word' id='word_1_18' title='bbox 691 387 772 438; x_wconf 82' lang='lat' dir='ltr'>Hanc</span> <span class='ocrx_word' id='word_1_19' title='bbox 781 384 899 437; x_wconf 82' lang='lat' dir='ltr'>Alexan-</span> 
     </span>
     <span class='ocr_line' id='line_1_4' title="bbox 95 453 897 523; baseline -0.007 -15"><span class='ocrx_word' id='word_1_20' title='bbox 95 461 145 510; x_wconf 88' lang='lat' dir='ltr'>der</span> <span class='ocrx_word' id='word_1_21' title='bbox 154 457 239 507; x_wconf 86' lang='lat' dir='ltr'>tertio</span> <span class='ocrx_word' id='word_1_22' title='bbox 251 457 306 518; x_wconf 91' lang='lat' dir='ltr'>die,</span> <span class='ocrx_word' id='word_1_23' title='bbox 327 471 409 523; x_wconf 86' lang='lat' dir='ltr'>quam</span> <span class='ocrx_word' id='word_1_24' title='bbox 421 460 553 522; x_wconf 85' lang='lat' dir='ltr'>coeperat</span> <span class='ocrx_word' id='word_1_25' title='bbox 564 454 703 516; x_wconf 89' lang='lat' dir='ltr'>obsidere,</span> <span class='ocrx_word' id='word_1_26' title='bbox 719 453 897 518; x_wconf 85' lang='lat' dir='ltr'>expugnavit.</span> 
     </span>
     <span class='ocr_line' id='line_1_5' title="bbox 96 519 899 590; baseline -0.009 -15"><span class='ocrx_word' id='word_1_27' title='bbox 96 527 136 583; x_wconf 77' lang='lat'>12.</span> <span class='ocrx_word' id='word_1_28' title='bbox 143 523 447 590; x_wconf 85' lang='lat' dir='ltr'>EtPorticanus‚quum</span> <span class='ocrx_word' id='word_1_29' title='bbox 456 524 484 573; x_wconf 88' lang='lat' dir='ltr'>in</span> <span class='ocrx_word' id='word_1_30' title='bbox 495 536 587 572; x_wconf 87' lang='lat' dir='ltr'>arcem</span> <span class='ocrx_word' id='word_1_31' title='bbox 598 519 780 588; x_wconf 79' lang='lat' dir='ltr'>confugisset,</span> <span class='ocrx_word' id='word_1_32' title='bbox 788 520 899 586; x_wconf 81' lang='lat' dir='ltr'>legatos</span> 
     </span>
     <span class='ocr_line' id='line_1_6' title="bbox 96 587 900 654; baseline -0.009 -11"><span class='ocrx_word' id='word_1_33' title='bbox 96 593 130 643; x_wconf 88' lang='lat' dir='ltr'>de</span> <span class='ocrx_word' id='word_1_34' title='bbox 149 591 310 642; x_wconf 87' lang='lat' dir='ltr'>conditione</span> <span class='ocrx_word' id='word_1_35' title='bbox 327 591 478 641; x_wconf 79' lang='lat' dir='ltr'>deditionis</span> <span class='ocrx_word' id='word_1_36' title='bbox 493 589 569 640; x_wconf 85' lang='lat' dir='ltr'>misit</span> <span class='ocrx_word' id='word_1_37' title='bbox 581 589 617 640; x_wconf 89' lang='lat' dir='ltr'>ad</span> <span class='ocrx_word' id='word_1_38' title='bbox 631 603 741 654; x_wconf 84' lang='lat' dir='ltr'>regem:</span> <span class='ocrx_word' id='word_1_39' title='bbox 761 587 811 637; x_wconf 88' lang='lat' dir='ltr'>sed</span> <span class='ocrx_word' id='word_1_40' title='bbox 823 592 900 636; x_wconf 85' lang='lat' dir='ltr'>ante·</span> 
     </span>
     <span class='ocr_line' id='line_1_7' title="bbox 96 653 899 728; baseline -0.009 -18"><span class='ocrx_word' id='word_1_41' title='bbox 96 674 177 728; x_wconf 90' lang='lat' dir='ltr'>quam</span> <span class='ocrx_word' id='word_1_42' title='bbox 187 659 296 710; x_wconf 87' lang='lat' dir='ltr'>adirent</span> <span class='ocrx_word' id='word_1_43' title='bbox 307 673 379 722; x_wconf 91' lang='lat' dir='ltr'>eum,</span> <span class='ocrx_word' id='word_1_44' title='bbox 402 657 473 708; x_wconf 84' lang='lat' dir='ltr'>duae</span> <span class='ocrx_word' id='word_1_45' title='bbox 487 663 580 708; x_wconf 88' lang='lat' dir='ltr'>turres</span> <span class='ocrx_word' id='word_1_46' title='bbox 593 672 656 706; x_wconf 90' lang='lat' dir='ltr'>cum</span> <span class='ocrx_word' id='word_1_47' title='bbox 666 655 774 722; x_wconf 79' lang='lat' dir='ltr'>ingenti</span> <span class='ocrx_word' id='word_1_48' title='bbox 784 653 899 721; x_wconf 80' lang='lat' dir='ltr'>fragore</span> 
     </span>
     <span class='ocr_line' id='line_1_8' title="bbox 95 724 900 792; baseline -0.006 -16"><span class='ocrx_word' id='word_1_49' title='bbox 95 726 287 792; x_wconf 83' lang='lat' dir='ltr'>prociderant,</span> <span class='ocrx_word' id='word_1_50' title='bbox 308 741 357 792; x_wconf 87' lang='lat' dir='ltr'>per</span> <span class='ocrx_word' id='word_1_51' title='bbox 371 741 486 792; x_wconf 88' lang='lat' dir='ltr'>quaram</span> <span class='ocrx_word' id='word_1_52' title='bbox 496 724 591 774; x_wconf 87' lang='lat' dir='ltr'>ruinas</span> <span class='ocrx_word' id='word_1_53' title='bbox 602 724 771 774; x_wconf 80' lang='lat' dir='ltr'>Macedones</span> <span class='ocrx_word' id='word_1_54' title='bbox 783 735 900 772; x_wconf 87' lang='lat' dir='ltr'>evasere</span> 
     </span>
     <span class='ocr_line' id='line_1_9' title="bbox 94 789 900 859; baseline -0.007 -15"><span class='ocrx_word' id='word_1_55' title='bbox 94 795 240 856; x_wconf 85' lang='lat' dir='ltr'>inarcem3</span> <span class='ocrx_word' id='word_1_56' title='bbox 261 798 414 859; x_wconf 86' lang='lat' dir='ltr'>quacapta,</span> <span class='ocrx_word' id='word_1_57' title='bbox 435 791 600 843; x_wconf 81' lang='lat' dir='ltr'>Porticanus</span> <span class='ocrx_word' id='word_1_58' title='bbox 622 807 684 842; x_wconf 92' lang='lat' dir='ltr'>cum</span> <span class='ocrx_word' id='word_1_59' title='bbox 702 789 799 856; x_wconf 78' lang='lat' dir='ltr'>paucis</span> <span class='ocrx_word' id='word_1_60' title='bbox 818 802 900 854; x_wconf 86' lang='lat' dir='ltr'>repu-</span> 
     </span>
     <span class='ocr_line' id='line_1_10' title="bbox 96 857 899 938; baseline -0.009 -27"><span class='ocrx_word' id='word_1_61' title='bbox 96 877 184 928; x_wconf 86' lang='lat' dir='ltr'>gnans</span> <span class='ocrx_word' id='word_1_62' title='bbox 196 861 342 911; x_wconf 89' lang='lat' dir='ltr'>occiditur.</span> <span class='ocrx_word' id='word_1_63' title='bbox 378 861 418 911; x_wconf 79' lang='grc'>13.</span> <span class='ocrx_word' id='word_1_64' title='bbox 438 858 540 909; x_wconf 81' lang='lat' dir='ltr'>Diruta</span> <span class='ocrx_word' id='word_1_65' title='bbox 549 859 637 938; x_wconf 88' lang='lat' dir='ltr'>igitur</span> <span class='ocrx_word' id='word_1_66' title='bbox 646 873 720 920; x_wconf 85' lang='lat' dir='ltr'>arce,</span> <span class='ocrx_word' id='word_1_67' title='bbox 731 863 760 908; x_wconf 94' lang='lat' dir='ltr'>et</span> <span class='ocrx_word' id='word_1_68' title='bbox 770 857 899 907; x_wconf 88' lang='lat' dir='ltr'>omnibus</span> 
     </span>
     <span class='ocr_line' id='line_1_11' title="bbox 96 925 900 994; baseline -0.007 -16"><span class='ocrx_word' id='word_1_69' title='bbox 96 929 214 994; x_wconf 86' lang='lat' dir='ltr'>captivis</span> <span class='ocrx_word' id='word_1_70' title='bbox 235 927 408 988; x_wconf 87' lang='lat' dir='ltr'>venundatis,</span> <span class='ocrx_word' id='word_1_71' title='bbox 429 926 496 979; x_wconf 88' lang='lat' dir='ltr'>Sabi</span> <span class='ocrx_word' id='word_1_72' title='bbox 508 941 585 993; x_wconf 82' lang='lat' dir='ltr'>regrs</span> <span class='ocrx_word' id='word_1_73' title='bbox 598 927 666 976; x_wconf 87' lang='lat' dir='ltr'>lines</span> <span class='ocrx_word' id='word_1_74' title='bbox 682 925 827 992; x_wconf 88' lang='lat' dir='ltr'>ingressus</span> <span class='ocrx_word' id='word_1_75' title='bbox 842 927 900 984; x_wconf 81' lang='lat' dir='ltr'>ast3</span> 
     </span>
     <span class='ocr_line' id='line_1_12' title="bbox 95 991 902 1063; baseline -0.009 -17"><span class='ocrx_word' id='word_1_76' title='bbox 95 995 246 1063; x_wconf 88' lang='lat' dir='ltr'>multisque</span> <span class='ocrx_word' id='word_1_77' title='bbox 267 994 376 1060; x_wconf 86' lang='lat' dir='ltr'>oppidis</span> <span class='ocrx_word' id='word_1_78' title='bbox 395 995 425 1044; x_wconf 88' lang='lat' dir='ltr'>in</span> <span class='ocrx_word' id='word_1_79' title='bbox 444 995 527 1044; x_wconf 88' lang='lat' dir='ltr'>iidem</span> <span class='ocrx_word' id='word_1_80' title='bbox 546 995 681 1059; x_wconf 87' lang='lat' dir='ltr'>acceptis,</span> <span class='ocrx_word' id='word_1_81' title='bbox 693 991 902 1057; x_wconf 17' lang='lat' dir='ltr'>‘validissimam</span> 
     </span>
     <span class='ocr_line' id='line_1_13' title="bbox 96 1057 901 1130; baseline -0.01 -16"><span class='ocrx_word' id='word_1_82' title='bbox 96 1066 188 1130; x_wconf 86' lang='lat' dir='ltr'>gentis</span> <span class='ocrx_word' id='word_1_83' title='bbox 207 1063 304 1113; x_wconf 92' lang='lat' dir='ltr'>urbem</span> <span class='ocrx_word' id='word_1_84' title='bbox 323 1061 452 1113; x_wconf 91' lang='lat' dir='ltr'>cuniculo</span> <span class='ocrx_word' id='word_1_85' title='bbox 473 1062 555 1129; x_wconf 87' lang='lat' dir='ltr'>cepit.</span> <span class='ocrx_word' id='word_1_86' title='bbox 593 1061 632 1111; x_wconf 83' lang='lat'>14.</span> <span class='ocrx_word' id='word_1_87' title='bbox 656 1059 788 1112; x_wconf 87' lang='lat' dir='ltr'>Barbaris</span> <span class='ocrx_word' id='word_1_88' title='bbox 809 1057 901 1110; x_wconf 89' lang='lat' dir='ltr'>simile</span> 
     </span>
     <span class='ocr_line' id='line_1_14' title="bbox 94 1127 901 1194; baseline -0.006 -13"><span class='ocrx_word' id='word_1_89' title='bbox 94 1131 214 1182; x_wconf 79' lang='lat' dir='ltr'>monstri</span> <span class='ocrx_word' id='word_1_90' title='bbox 223 1131 312 1181; x_wconf 77' lang='lat' dir='ltr'>visum</span> <span class='ocrx_word' id='word_1_91' title='bbox 324 1135 375 1191; x_wconf 88' lang='lat' dir='ltr'>cst,</span> <span class='ocrx_word' id='word_1_92' title='bbox 386 1129 502 1180; x_wconf 89' lang='lat' dir='ltr'>rudibus</span> <span class='ocrx_word' id='word_1_93' title='bbox 511 1129 673 1180; x_wconf 86' lang='lat' dir='ltr'>militarium</span> <span class='ocrx_word' id='word_1_94' title='bbox 683 1142 812 1194; x_wconf 84' lang='lat' dir='ltr'>operum3</span> <span class='ocrx_word' id='word_1_95' title='bbox 824 1127 901 1192; x_wconf 87' lang='lat' dir='ltr'>quip-</span> 
     </span>
     <span class='ocr_line' id='line_1_15' title="bbox 94 1194 925 1264; baseline -0.004 -17"><span class='ocrx_word' id='word_1_96' title='bbox 94 1213 129 1264; x_wconf 86' lang='lat' dir='ltr'>pe</span> <span class='ocrx_word' id='word_1_97' title='bbox 149 1198 177 1247; x_wconf 90' lang='lat' dir='ltr'>in</span> <span class='ocrx_word' id='word_1_98' title='bbox 199 1196 291 1246; x_wconf 89' lang='lat' dir='ltr'>media</span> <span class='ocrx_word' id='word_1_99' title='bbox 309 1195 397 1246; x_wconf 85' lang='lat' dir='ltr'>iermc</span> <span class='ocrx_word' id='word_1_100' title='bbox 410 1197 480 1246; x_wconf 92' lang='lat' dir='ltr'>urbe</span> <span class='ocrx_word' id='word_1_101' title='bbox 494 1197 593 1247; x_wconf 87' lang='lat' dir='ltr'>armati</span> <span class='ocrx_word' id='word_1_102' title='bbox 608 1202 709 1246; x_wconf 85' lang='lat' dir='ltr'>eterra</span> <span class='ocrx_word' id='word_1_103' title='bbox 719 1194 902 1256; x_wconf 83' lang='lat' dir='ltr'>exsistebant,</span> <span class='ocrx_word' id='word_1_104' title='bbox 924 1227 925 1230; x_wconf 57' lang='lat'><em>=</em></span> 
     </span>
     <span class='ocr_line' id='line_1_16' title="bbox 95 1261 902 1330; baseline -0.005 -15"><span class='ocrx_word' id='word_1_105' title='bbox 95 1263 172 1315; x_wconf 90' lang='lat' dir='ltr'>nullo</span> <span class='ocrx_word' id='word_1_106' title='bbox 184 1261 299 1312; x_wconf 83' lang='lat' dir='ltr'>suffossi</span> <span class='ocrx_word' id='word_1_107' title='bbox 310 1277 410 1327; x_wconf 83' lang='lat' dir='ltr'>specus</span> <span class='ocrx_word' id='word_1_108' title='bbox 422 1269 486 1313; x_wconf 87' lang='lat' dir='ltr'>ante</span> <span class='ocrx_word' id='word_1_109' title='bbox 496 1265 617 1330; x_wconf 85' lang='lat' dir='ltr'>vestigio</span> <span class='ocrx_word' id='word_1_110' title='bbox 633 1262 720 1315; x_wconf 84' lang='lat' dir='ltr'>facto.</span> <span class='ocrx_word' id='word_1_111' title='bbox 755 1261 796 1312; x_wconf 83' lang='lat'>15.</span> <span class='ocrx_word' id='word_1_112' title='bbox 816 1261 902 1313; x_wconf 88' lang='lat' dir='ltr'>Octo·</span> 
     </span>
     <span class='ocr_line' id='line_1_17' title="bbox 96 1327 902 1398; baseline -0.002 -18"><span class='ocrx_word' id='word_1_113' title='bbox 96 1333 175 1398; x_wconf 83' lang='lat' dir='ltr'>ginta</span> <span class='ocrx_word' id='word_1_114' title='bbox 188 1329 276 1379; x_wconf 87' lang='lat' dir='ltr'>millia</span> <span class='ocrx_word' id='word_1_115' title='bbox 287 1328 417 1379; x_wconf 88' lang='lat' dir='ltr'>Indorum</span> <span class='ocrx_word' id='word_1_116' title='bbox 432 1329 462 1379; x_wconf 90' lang='lat' dir='ltr'>in</span> <span class='ocrx_word' id='word_1_117' title='bbox 479 1344 513 1380; x_wconf 86' lang='lat' dir='ltr'>ea</span> <span class='ocrx_word' id='word_1_118' title='bbox 523 1333 639 1397; x_wconf 84' lang='lat' dir='ltr'>regione</span> <span class='ocrx_word' id='word_1_119' title='bbox 651 1344 734 1382; x_wconf 87' lang='lat' dir='ltr'>caesa</span> <span class='ocrx_word' id='word_1_120' title='bbox 744 1327 902 1381; x_wconf 86' lang='lat' dir='ltr'>Clitarchus</span> 
     </span>
     <span class='ocr_line' id='line_1_18' title="bbox 97 1395 901 1478; baseline -0.002 -30"><span class='ocrx_word' id='word_1_121' title='bbox 97 1403 141 1448; x_wconf 86' lang='lat' dir='ltr'>est</span> <span class='ocrx_word' id='word_1_122' title='bbox 152 1401 263 1457; x_wconf 91' lang='lat' dir='ltr'>auctor,</span> <span class='ocrx_word' id='word_1_123' title='bbox 284 1395 441 1478; x_wconf 60' lang='lat' dir='ltr'>multostpue</span> <span class='ocrx_word' id='word_1_124' title='bbox 457 1398 582 1465; x_wconf 86' lang='lat' dir='ltr'>captivos</span> <span class='ocrx_word' id='word_1_125' title='bbox 596 1397 653 1452; x_wconf 59' lang='lat' dir='ltr'>sub,</span> <span class='ocrx_word' id='word_1_126' title='bbox 662 1412 767 1449; x_wconf 84' lang='lat' dir='ltr'>corona</span> <span class='ocrx_word' id='word_1_127' title='bbox 780 1397 901 1448; x_wconf 83' lang='lat' dir='ltr'>venisse.</span> 
     </span>
     <span class='ocr_line' id='line_1_19' title="bbox 98 1461 902 1533; baseline 0 -18"><span class='ocrx_word' id='word_1_128' title='bbox 98 1464 138 1515; x_wconf 83' lang='lat' dir='ltr'>lli.</span> <span class='ocrx_word' id='word_1_129' title='bbox 157 1463 263 1514; x_wconf 88' lang='lat' dir='ltr'>Rursus</span> <span class='ocrx_word' id='word_1_130' title='bbox 273 1463 413 1514; x_wconf 86' lang='lat' dir='ltr'>Musicam</span> <span class='ocrx_word' id='word_1_131' title='bbox 422 1461 595 1528; x_wconf 78' lang='lat' dir='ltr'>defecerunt,</span> <span class='ocrx_word' id='word_1_132' title='bbox 617 1464 651 1516; x_wconf 88' lang='lat' dir='ltr'>ad</span> <span class='ocrx_word' id='word_1_133' title='bbox 665 1480 734 1533; x_wconf 88' lang='lat' dir='ltr'>quos</span> <span class='ocrx_word' id='word_1_134' title='bbox 745 1464 902 1531; x_wconf 89' lang='lat' dir='ltr'>opprimen-</span> 
     </span>
     <span class='ocr_line' id='line_1_20' title="bbox 98 1529 901 1599; baseline 0 -17"><span class='ocrx_word' id='word_1_135' title='bbox 98 1531 150 1582; x_wconf 87' lang='lat' dir='ltr'>dos</span> <span class='ocrx_word' id='word_1_136' title='bbox 160 1530 261 1580; x_wconf 87' lang='lat' dir='ltr'>missus</span> <span class='ocrx_word' id='word_1_137' title='bbox 274 1537 316 1582; x_wconf 90' lang='lat' dir='ltr'>est</span> <span class='ocrx_word' id='word_1_138' title='bbox 328 1529 445 1594; x_wconf 88' lang='lat' dir='ltr'>Pithon,</span> <span class='ocrx_word' id='word_1_139' title='bbox 459 1533 506 1598; x_wconf 91' lang='lat' dir='ltr'>qui</span> <span class='ocrx_word' id='word_1_140' title='bbox 516 1539 625 1599; x_wconf 85' lang='lat' dir='ltr'>captum</span> <span class='ocrx_word' id='word_1_141' title='bbox 636 1534 789 1599; x_wconf 89' lang='lat' dir='ltr'>principem</span> <span class='ocrx_word' id='word_1_142' title='bbox 798 1532 901 1599; x_wconf 86' lang='lat' dir='ltr'>gentis,</span> 
     </span>
     <span class='ocr_line' id='line_1_21' title="bbox 98 1597 901 1666; baseline -0.001 -16"><span class='ocrx_word' id='word_1_143' title='bbox 98 1599 271 1664; x_wconf 85' lang='lat' dir='ltr'>eundemque</span> <span class='ocrx_word' id='word_1_144' title='bbox 283 1597 451 1650; x_wconf 84' lang='lat' dir='ltr'>deiectionis</span> <span class='ocrx_word' id='word_1_145' title='bbox 461 1607 612 1662; x_wconf 84' lang='lat' dir='ltr'>auctorem,</span> <span class='ocrx_word' id='word_1_146' title='bbox 625 1600 740 1652; x_wconf 86' lang='lat' dir='ltr'>adduxit</span> <span class='ocrx_word' id='word_1_147' title='bbox 751 1600 785 1650; x_wconf 89' lang='lat' dir='ltr'>ad</span> <span class='ocrx_word' id='word_1_148' title='bbox 795 1613 901 1666; x_wconf 86' lang='lat' dir='ltr'>regem.</span> 
     </span>
     <span class='ocr_line' id='line_1_22' title="bbox 98 1665 902 1729; baseline 0.001 -13"><span class='ocrx_word' id='word_1_149' title='bbox 98 1667 160 1729; x_wconf 74' lang='lat' dir='ltr'>Quo</span> <span class='ocrx_word' id='word_1_150' title='bbox 172 1665 329 1718; x_wconf 81' lang='lat' dir='ltr'>Alexander</span> <span class='ocrx_word' id='word_1_151' title='bbox 338 1666 368 1717; x_wconf 87' lang='lat' dir='ltr'>in</span> <span class='ocrx_word' id='word_1_152' title='bbox 378 1680 488 1717; x_wconf 89' lang='lat' dir='ltr'>crucem</span> <span class='ocrx_word' id='word_1_153' title='bbox 498 1668 609 1719; x_wconf 92' lang='lat' dir='ltr'>sublato</span> <span class='ocrx_word' id='word_1_154' title='bbox 624 1683 719 1719; x_wconf 71' lang='lat' dir='ltr'>marsus</span> <span class='ocrx_word' id='word_1_155' title='bbox 734 1682 852 1728; x_wconf 87' lang='lat' dir='ltr'>amnem,</span> <span class='ocrx_word' id='word_1_156' title='bbox 872 1670 902 1717; x_wconf 88' lang='lat' dir='ltr'>in</span> 
     </span>
     <span class='ocr_line' id='line_1_23' title="bbox 116 1733 900 1802; baseline 0 -18"><span class='ocrx_word' id='word_1_157' title='bbox 116 1750 153 1784; x_wconf 94' lang='lat' dir='ltr'>uo</span> <span class='ocrx_word' id='word_1_158' title='bbox 173 1733 292 1784; x_wconf 84' lang='lat' dir='ltr'>classem</span> <span class='ocrx_word' id='word_1_159' title='bbox 312 1740 475 1799; x_wconf 85' lang='lat' dir='ltr'>exspectare</span> <span class='ocrx_word' id='word_1_160' title='bbox 494 1749 524 1785; x_wconf 89' lang='lat' dir='ltr'>se</span> <span class='ocrx_word' id='word_1_161' title='bbox 547 1737 681 1798; x_wconf 81' lang='lat' dir='ltr'>iusserat,</span> <span class='ocrx_word' id='word_1_162' title='bbox 710 1737 820 1802; x_wconf 86' lang='lat' dir='ltr'>repetit.</span> <span class='ocrx_word' id='word_1_163' title='bbox 859 1735 900 1785; x_wconf 85' lang='lat'>17.</span> 
     </span>
     <span class='ocr_line' id='line_1_24' title="bbox 98 1751 902 1868; baseline 0 -18"><span class='ocrx_word' id='word_1_164' title='bbox 98 1751 205 1863; x_wconf 41' lang='lat' dir='ltr'>Quarto</span> <span class='ocrx_word' id='word_1_165' title='bbox 228 1801 327 1852; x_wconf 88' lang='lat' dir='ltr'>deinde</span> <span class='ocrx_word' id='word_1_166' title='bbox 343 1801 388 1852; x_wconf 91' lang='lat' dir='ltr'>die</span> <span class='ocrx_word' id='word_1_167' title='bbox 404 1803 526 1853; x_wconf 87' lang='lat' dir='ltr'>secundo</span> <span class='ocrx_word' id='word_1_168' title='bbox 541 1818 620 1854; x_wconf 87' lang='lat' dir='ltr'>amns</span> <span class='ocrx_word' id='word_1_169' title='bbox 634 1803 810 1868; x_wconf 88' lang='lat' dir='ltr'>pervenitad</span> <span class='ocrx_word' id='word_1_170' title='bbox 824 1802 902 1868; x_wconf 87' lang='lat' dir='ltr'>oppi-</span> 
     </span>
     <span class='ocr_line' id='line_1_25' title="bbox 97 1868 902 1936; baseline -0.001 -17"><span class='ocrx_word' id='word_1_171' title='bbox 97 1869 171 1930; x_wconf 89' lang='lat' dir='ltr'>dum,</span> <span class='ocrx_word' id='word_1_172' title='bbox 183 1869 258 1934; x_wconf 90' lang='lat' dir='ltr'>quod</span> <span class='ocrx_word' id='word_1_173' title='bbox 270 1868 298 1919; x_wconf 91' lang='lat' dir='ltr'>in</span> <span class='ocrx_word' id='word_1_174' title='bbox 309 1883 396 1935; x_wconf 86' lang='lat' dir='ltr'>regno</span> <span class='ocrx_word' id='word_1_175' title='bbox 409 1876 470 1919; x_wconf 86' lang='lat' dir='ltr'>erat</span> <span class='ocrx_word' id='word_1_176' title='bbox 481 1869 555 1920; x_wconf 87' lang='lat' dir='ltr'>Sabi.</span> <span class='ocrx_word' id='word_1_177' title='bbox 584 1868 678 1936; x_wconf 87' lang='lat' dir='ltr'>Nuper</span> <span class='ocrx_word' id='word_1_178' title='bbox 688 1884 718 1920; x_wconf 86' lang='lat' dir='ltr'>se</span> <span class='ocrx_word' id='word_1_179' title='bbox 728 1870 777 1921; x_wconf 93' lang='lat' dir='ltr'>ille</span> <span class='ocrx_word' id='word_1_180' title='bbox 788 1869 902 1920; x_wconf 89' lang='lat' dir='ltr'>dedide-</span> 
     </span>
     <span class='ocr_line' id='line_1_26' title="bbox 97 1935 902 2002; baseline 0 -16"><span class='ocrx_word' id='word_1_181' title='bbox 97 1941 149 1998; x_wconf 89' lang='lat' dir='ltr'>rat,</span> <span class='ocrx_word' id='word_1_182' title='bbox 170 1935 221 1986; x_wconf 88' lang='lat' dir='ltr'>sed</span> <span class='ocrx_word' id='word_1_183' title='bbox 231 1936 363 2001; x_wconf 87' lang='lat' dir='ltr'>oppidani</span> <span class='ocrx_word' id='word_1_184' title='bbox 373 1937 566 1989; x_wconf 83' lang='lat' dir='ltr'>detrectabant</span> <span class='ocrx_word' id='word_1_185' title='bbox 575 1937 729 2002; x_wconf 87' lang='lat' dir='ltr'>imperinm,</span> <span class='ocrx_word' id='word_1_186' title='bbox 749 1943 778 1988; x_wconf 87' lang='lat' dir='ltr'>et</span> <span class='ocrx_word' id='word_1_187' title='bbox 793 1937 902 1987; x_wconf 86' lang='lat' dir='ltr'>clause-</span> 
     </span>
     <span class='ocr_line' id='line_1_27' title="bbox 98 2003 903 2069; baseline 0.004 -16"><span class='ocrx_word' id='word_1_188' title='bbox 98 2009 160 2054; x_wconf 88' lang='lat' dir='ltr'>rant</span> <span class='ocrx_word' id='word_1_189' title='bbox 172 2007 278 2069; x_wconf 86' lang='lat' dir='ltr'>portas.</span> <span class='ocrx_word' id='word_1_190' title='bbox 316 2003 356 2052; x_wconf 89' lang='lat'>18.</span> <span class='ocrx_word' id='word_1_191' title='bbox 377 2003 500 2063; x_wconf 75' lang='lat' dir='ltr'>Quorum</span> <span class='ocrx_word' id='word_1_192' title='bbox 519 2005 660 2069; x_wconf 83' lang='lat' dir='ltr'>paucitate</span> <span class='ocrx_word' id='word_1_193' title='bbox 678 2010 828 2065; x_wconf 88' lang='lat' dir='ltr'>contemta,</span> <span class='ocrx_word' id='word_1_194' title='bbox 850 2019 903 2056; x_wconf 86' lang='lat' dir='ltr'>rex</span> 
     </span>
     <span class='ocr_line' id='line_1_28' title="bbox 98 2068 902 2137; baseline 0.002 -17"><span class='ocrx_word' id='word_1_195' title='bbox 98 2071 265 2137; x_wconf 85' lang='lat' dir='ltr'>quingentos</span> <span class='ocrx_word' id='word_1_196' title='bbox 276 2068 417 2137; x_wconf 79' lang='lat' dir='ltr'>Agrianos</span> <span class='ocrx_word' id='word_1_197' title='bbox 428 2071 539 2122; x_wconf 84' lang='lat' dir='ltr'>moenia</span> <span class='ocrx_word' id='word_1_198' title='bbox 548 2071 640 2122; x_wconf 90' lang='lat' dir='ltr'>subire</span> <span class='ocrx_word' id='word_1_199' title='bbox 650 2073 779 2134; x_wconf 79' lang='lat' dir='ltr'>iusserat,</span> <span class='ocrx_word' id='word_1_200' title='bbox 801 2078 830 2123; x_wconf 84' lang='lat' dir='ltr'>et</span> <span class='ocrx_word' id='word_1_201' title='bbox 839 2086 902 2123; x_wconf 89' lang='lat' dir='ltr'>sen·</span> 
     </span>
     <span class='ocr_line' id='line_1_29' title="bbox 98 2137 903 2201; baseline 0.002 -13"><span class='ocrx_word' id='word_1_202' title='bbox 98 2139 149 2188; x_wconf 90' lang='lat' dir='ltr'>sim</span> <span class='ocrx_word' id='word_1_203' title='bbox 160 2137 325 2188; x_wconf 86' lang='lat' dir='ltr'>recedentes</span> <span class='ocrx_word' id='word_1_204' title='bbox 338 2137 440 2189; x_wconf 90' lang='lat' dir='ltr'>elicere</span> <span class='ocrx_word' id='word_1_205' title='bbox 454 2143 534 2190; x_wconf 83' lang='lat' dir='ltr'>extra</span> <span class='ocrx_word' id='word_1_206' title='bbox 543 2153 638 2190; x_wconf 87' lang='lat' dir='ltr'>muros</span> <span class='ocrx_word' id='word_1_207' title='bbox 648 2137 769 2201; x_wconf 87' lang='lat' dir='ltr'>hostem,</span> <span class='ocrx_word' id='word_1_208' title='bbox 791 2146 903 2190; x_wconf 90' lang='lat' dir='ltr'>secutu-</span> 
     </span>
     <span class='ocr_line' id='line_1_30' title="bbox 97 2203 904 2275; baseline 0.002 -21"><span class='ocrx_word' id='word_1_209' title='bbox 97 2220 157 2254; x_wconf 91' lang='lat' dir='ltr'>rum</span> <span class='ocrx_word' id='word_1_210' title='bbox 168 2203 306 2270; x_wconf 85' lang='lat' dir='ltr'>profecto,</span> <span class='ocrx_word' id='word_1_211' title='bbox 326 2205 351 2255; x_wconf 91' lang='lat' dir='ltr'>si</span> <span class='ocrx_word' id='word_1_212' title='bbox 366 2204 465 2275; x_wconf 86' lang='lat' dir='ltr'>lugere</span> <span class='ocrx_word' id='word_1_213' title='bbox 481 2219 530 2256; x_wconf 88' lang='lat' dir='ltr'>eos</span> <span class='ocrx_word' id='word_1_214' title='bbox 545 2207 680 2257; x_wconf 88' lang='lat' dir='ltr'>crederet.</span> <span class='ocrx_word' id='word_1_215' title='bbox 717 2208 757 2256; x_wconf 77' lang='lat'>19.</span> <span class='ocrx_word' id='word_1_216' title='bbox 774 2206 904 2274; x_wconf 76' lang='lat' dir='ltr'>Agriani,</span> 
     </span>
     <span class='ocr_line' id='line_1_31' title="bbox 98 2272 906 2341; baseline 0.005 -21"><span class='ocrx_word' id='word_1_217' title='bbox 98 2272 171 2321; x_wconf 87' lang='lat' dir='ltr'>sicut</span> <span class='ocrx_word' id='word_1_218' title='bbox 189 2273 353 2339; x_wconf 85' lang='lat' dir='ltr'>imperatum</span> <span class='ocrx_word' id='word_1_219' title='bbox 369 2279 439 2336; x_wconf 85' lang='lat' dir='ltr'>erat,</span> <span class='ocrx_word' id='word_1_220' title='bbox 458 2273 591 2325; x_wconf 88' lang='lat' dir='ltr'>lacessito</span> <span class='ocrx_word' id='word_1_221' title='bbox 606 2272 696 2336; x_wconf 80' lang='lat' dir='ltr'>hoste,</span> <span class='ocrx_word' id='word_1_222' title='bbox 717 2273 811 2325; x_wconf 87' lang='lat' dir='ltr'>subito</span> <span class='ocrx_word' id='word_1_223' title='bbox 822 2280 906 2341; x_wconf 85' lang='lat' dir='ltr'>terga</span> 
     </span>
     <span class='ocr_line' id='line_1_32' title="bbox 97 2339 906 2410; baseline 0.005 -22"><span class='ocrx_word' id='word_1_224' title='bbox 97 2343 222 2398; x_wconf 83' lang='lat' dir='ltr'>vertunt3</span> <span class='ocrx_word' id='word_1_225' title='bbox 242 2353 312 2407; x_wconf 89' lang='lat' dir='ltr'>quos</span> <span class='ocrx_word' id='word_1_226' title='bbox 324 2340 436 2391; x_wconf 86' lang='lat' dir='ltr'>barbari</span> <span class='ocrx_word' id='word_1_227' title='bbox 446 2339 534 2392; x_wconf 86' lang='lat' dir='ltr'>effuse</span> <span class='ocrx_word' id='word_1_228' title='bbox 546 2347 705 2410; x_wconf 88' lang='lat' dir='ltr'>sequentes,</span> <span class='ocrx_word' id='word_1_229' title='bbox 725 2343 755 2392; x_wconf 87' lang='lat' dir='ltr'>in</span> <span class='ocrx_word' id='word_1_230' title='bbox 767 2341 850 2403; x_wconf 88' lang='lat' dir='ltr'>alios,</span> <span class='ocrx_word' id='word_1_231' title='bbox 863 2341 906 2392; x_wconf 90' lang='lat' dir='ltr'>in-</span> 
     </span>
     <span class='ocr_line' id='line_1_33' title="bbox 98 2407 906 2476; baseline 0.006 -21"><span class='ocrx_word' id='word_1_232' title='bbox 98 2411 143 2456; x_wconf 88' lang='lat' dir='ltr'>ter</span> <span class='ocrx_word' id='word_1_233' title='bbox 163 2419 232 2471; x_wconf 89' lang='lat' dir='ltr'>quos</span> <span class='ocrx_word' id='word_1_234' title='bbox 252 2407 312 2471; x_wconf 88' lang='lat' dir='ltr'>ipse</span> <span class='ocrx_word' id='word_1_235' title='bbox 332 2421 382 2458; x_wconf 84' lang='lat' dir='ltr'>rex</span> <span class='ocrx_word' id='word_1_236' title='bbox 402 2413 475 2470; x_wconf 85' lang='lat' dir='ltr'>erat,</span> <span class='ocrx_word' id='word_1_237' title='bbox 496 2408 630 2459; x_wconf 89' lang='lat' dir='ltr'>incidunt.</span> <span class='ocrx_word' id='word_1_238' title='bbox 666 2410 813 2461; x_wconf 84' lang='lat' dir='ltr'>Renovato</span> <span class='ocrx_word' id='word_1_239' title='bbox 834 2423 906 2476; x_wconf 88' lang='lat' dir='ltr'>ergo</span> 
     </span>
     <span class='ocr_line' id='line_1_34' title="bbox 99 2471 906 2544; baseline 0.004 -21"><span class='ocrx_word' id='word_1_240' title='bbox 99 2471 222 2539; x_wconf 88' lang='lat' dir='ltr'>proelio,</span> <span class='ocrx_word' id='word_1_241' title='bbox 244 2487 288 2530; x_wconf 78' lang='lat' dir='ltr'>,ex</span> <span class='ocrx_word' id='word_1_242' title='bbox 306 2475 395 2526; x_wconf 86' lang='lat' dir='ltr'>tribus</span> <span class='ocrx_word' id='word_1_243' title='bbox 415 2476 538 2527; x_wconf 88' lang='lat' dir='ltr'>millibus</span> <span class='ocrx_word' id='word_1_244' title='bbox 558 2477 740 2528; x_wconf 88' lang='lat' dir='ltr'>barbarorum</span> <span class='ocrx_word' id='word_1_245' title='bbox 759 2475 906 2544; x_wconf 84' lang='lat' dir='ltr'>quingenti</span> 
     </span>
     <span class='ocr_line' id='line_1_35' title="bbox 99 2541 908 2610; baseline 0.006 -21"><span class='ocrx_word' id='word_1_246' title='bbox 99 2541 176 2590; x_wconf 87' lang='lat' dir='ltr'>caesi</span> <span class='ocrx_word' id='word_1_247' title='bbox 185 2545 258 2601; x_wconf 89' lang='lat' dir='ltr'>sunt,</span> <span class='ocrx_word' id='word_1_248' title='bbox 269 2541 345 2592; x_wconf 90' lang='lat' dir='ltr'>mille</span> <span class='ocrx_word' id='word_1_249' title='bbox 356 2546 439 2610; x_wconf 82' lang='lat' dir='ltr'>capti,</span> <span class='ocrx_word' id='word_1_250' title='bbox 451 2544 538 2595; x_wconf 87' lang='lat' dir='ltr'>ceteri</span> <span class='ocrx_word' id='word_1_251' title='bbox 547 2546 693 2597; x_wconf 89' lang='lat' dir='ltr'>moenibus</span> <span class='ocrx_word' id='word_1_252' title='bbox 704 2545 782 2596; x_wconf 84' lang='lat' dir='ltr'>urbis</span> <span class='ocrx_word' id='word_1_253' title='bbox 792 2543 908 2597; x_wconf 86' lang='lat' dir='ltr'>inclusi.</span> 
     </span>
     <span class='ocr_line' id='line_1_36' title="bbox 99 2606 910 2678; baseline 0.011 -23"><span class='ocrx_word' id='word_1_254' title='bbox 99 2609 139 2657; x_wconf 80' lang='lat'>2⁰.</span> <span class='ocrx_word' id='word_1_255' title='bbox 152 2606 208 2658; x_wconf 86' lang='lat' dir='ltr'>Sed</span> <span class='ocrx_word' id='word_1_256' title='bbox 218 2622 274 2658; x_wconf 90' lang='lat' dir='ltr'>non</span> <span class='ocrx_word' id='word_1_257' title='bbox 284 2613 315 2658; x_wconf 93' lang='lat' dir='ltr'>ut</span> <span class='ocrx_word' id='word_1_258' title='bbox 324 2611 412 2675; x_wconf 89' lang='lat' dir='ltr'>prima</span> <span class='ocrx_word' id='word_1_259' title='bbox 422 2613 515 2678; x_wconf 83' lang='lat' dir='ltr'>specio</span> <span class='ocrx_word' id='word_1_260' title='bbox 524 2612 601 2664; x_wconf 85' lang='lat' dir='ltr'>laeta</span> <span class='ocrx_word' id='word_1_261' title='bbox 610 2612 742 2676; x_wconf 80' lang='lat' dir='ltr'>victoria,</span> <span class='ocrx_word' id='word_1_262' title='bbox 752 2614 794 2664; x_wconf 79' lang='lat' dir='ltr'>ita</span> <span class='ocrx_word' id='word_1_263' title='bbox 803 2619 910 2664; x_wconf 84' lang='lat' dir='ltr'>eventu</span> 
     </span>
     <span class='ocr_line' id='line_1_37' title="bbox 98 2673 910 2787; baseline 0.014 -66"><span class='ocrx_word' id='word_1_264' title='bbox 98 2687 210 2787; x_wconf 57' lang='lat' dir='ltr'>3l¹⁰q¹¹⁰</span> <span class='ocrx_word' id='word_1_265' title='bbox 229 2673 293 2724; x_wconf 88' lang='lat' dir='ltr'>fuit:</span> <span class='ocrx_word' id='word_1_266' title='bbox 314 2679 415 2744; x_wconf 89' lang='lat' dir='ltr'>quippe</span> <span class='ocrx_word' id='word_1_267' title='bbox 434 2679 546 2730; x_wconf 89' lang='lat' dir='ltr'>barbari</span> <span class='ocrx_word' id='word_1_268' title='bbox 566 2695 672 2731; x_wconf 79' lang='lat' dir='ltr'>veneno</span> <span class='ocrx_word' id='word_1_269' title='bbox 688 2682 832 2732; x_wconf 84' lang='lat' dir='ltr'>tinxerant</span> <span class='ocrx_word' id='word_1_270' title='bbox 848 2679 910 2748; x_wconf 83' lang='lat' dir='ltr'>gla-</span> 
     </span>
     <span class='ocr_line' id='line_1_38' title="bbox 42 2740 913 2814; baseline 0.015 -27"><span class='ocrx_word' id='word_1_271' title='bbox 42 2765 43 2768; x_wconf 61' lang='lat'><em>=</em></span> <span class='ocrx_word' id='word_1_272' title='bbox 118 2752 172 2788; x_wconf 88' lang='lat' dir='ltr'>ros.</span> <span class='ocrx_word' id='word_1_273' title='bbox 210 2740 305 2806; x_wconf 85' lang='lat' dir='ltr'>ltaque</span> <span class='ocrx_word' id='word_1_274' title='bbox 317 2746 405 2795; x_wconf 86' lang='lat' dir='ltr'>saucii</span> <span class='ocrx_word' id='word_1_275' title='bbox 417 2747 534 2798; x_wconf 85' lang='lat' dir='ltr'>subinde</span> <span class='ocrx_word' id='word_1_276' title='bbox 546 2749 737 2814; x_wconf 79' lang='lat' dir='ltr'>exspirabant3</span> <span class='ocrx_word' id='word_1_277' title='bbox 758 2763 809 2800; x_wconf 87' lang='lat' dir='ltr'>nec</span> <span class='ocrx_word' id='word_1_278' title='bbox 821 2761 913 2800; x_wconf 82' lang='lat' dir='ltr'>causa</span> 
     </span>
    </p>
   </div>
   <div class='ocr_carea' id='block_1_3' title="bbox 0 0 1057 3040">
    <p class='ocr_par' dir='ltr' id='par_1_3' title="bbox 0 0 1057 3040">
     <span class='ocr_line' id='line_1_39' title="bbox 0 0 1057 3040; baseline 0 0"><span class='ocrx_word' id='word_1_279' title='bbox 0 0 1057 3040; x_wconf 95' lang='lat' dir='ltr'> </span> 
     </span>
    </p>
   </div>
  </div>
 </body>
</html>
