2082 3042
91 206 142 258 29⁰
304 205 472 266 QUlN'l'l
503 205 668 256 CURTll

92 305 258 374 Scytharum
270 321 348 374 gens,
360 304 432 356 haud
444 307 542 372 procul
553 303 672 356 Thracia
682 305 744 367 sita,
756 303 790 355 ab
797 301 895 356 Orien·

89 382 118 424 te
135 373 169 423 ad
186 372 418 440 septemtrionem
432 389 462 424 se
478 375 571 434 uertit,
592 369 844 439 sarmatarumque,
864 379 896 424 ut

91 441 202 508 quidam
213 441 368 503 credidere,
381 457 435 491 non
446 441 570 502 finitima,
582 440 631 490 sed
641 454 706 506 pars
717 443 769 489 est.
805 441 830 490 4.
842 439 897 490 Re*

90 515 136 558 cta
146 507 246 558 deinde
257 510 400 574 regionem
411 507 492 558 aliam
503 507 577 557 ultra
589 506 688 556 latrum
699 507 837 556 iacentem
848 521 896 557 eo·

89 575 136 625 lit:
155 575 352 635 ultimahsiae‚
374 567 639 641 quaeliactrasuni,
655 574 777 640 stringit.
813 573 894 634 Quae

88 644 282 708 septenrtrioni
302 643 436 708 propiora
454 647 527 703 sunt,
544 639 700 708 profundae
719 641 785 690 inde
805 641 895 692 silvae

88 717 240 776 vastaeque
250 709 417 760 solitudines
429 708 583 776 excipiunt3
603 723 700 758 rursus
712 722 781 774 quae
793 708 829 757 ad
840 709 894 758 Ta-

87 777 162 827 naim
174 785 202 828 et
212 777 314 828 Bactra
324 783 460 843 spectant,
466 773 586 826 humano
598 776 675 825 cultu
685 773 758 824 haud
769 775 895 842 disparia

88 850 161 902 sunt.
184 845 208 896 5.
220 843 330 894 Primus
341 859 401 894 cum
413 841 465 895 hac
477 849 560 910 gente
571 858 626 893 non
636 843 778 908 provisum
788 842 894 893 bellum

86 911 245 963 Alexander
255 917 397 978 gesturus,
410 927 492 978 quum
502 913 531 961 in
542 916 695 976 conspectu
706 909 766 960 eius
779 909 893 977 obequi-

86 984 161 1030 taret
173 978 270 1041 hostis,
282 977 372 1030 adhuc
382 993 415 1029 ae
437 993 467 1028 er
478 993 513 1028 ex
522 977 650 1038 vulnere,
661 977 811 1043 praecipue
821 991 892 1027 uoce

86 1045 230 1109 delicians,
236 1061 316 1113 quam
328 1054 356 1097 et
365 995 491 1097 mciicus
503 1045 580 1096 cibus
592 1051 620 1095 et
631 1045 748 1095 cervicis
759 1050 892 1094 extenua-

85 1111 135 1164 bat
154 1114 245 1176 dolor,
266 1113 371 1164 amieos
390 1115 418 1164 in
433 1113 580 1163 consilium
594 1112 727 1162 advocari
742 1111 830 1162 iubet.
865 1110 892 1162 d.
925 1135 928 1144 ·

86 1181 225 1230 Terrebat
245 1195 306 1232 eum
326 1196 380 1230 non
399 1178 503 1241 hostis,
529 1180 577 1229 sed
598 1179 730 1245 iniquitas
745 1179 890 1245 temporis.
973 1181 974 1184 ’

85 1247 230 1297 Bactriani
248 1246 422 1296 deiecerant:
453 1245 575 1313 Scythae
596 1249 679 1296 etiam
699 1245 891 1297 lacessebant:

85 1314 146 1378 ipse
157 1327 212 1362 non
225 1313 356 1363 insistere
368 1313 494 1373 interra,
505 1327 561 1362 non
573 1327 644 1380 equo
655 1312 728 1375 vehi,
739 1329 795 1364 non
807 1313 892 1364 doec-

84 1395 124 1439 re,
146 1394 201 1429 non
219 1377 325 1429 hortari
340 1395 406 1430 suos
421 1385 541 1446 poterat.
575 1381 602 1430 i.
620 1381 743 1448 Ancipiti
763 1381 895 1448 periculo

75 1445 245 1512 implicitus,
257 1447 335 1497 Deos
346 1461 456 1515 quoque
466 1449 607 1510 incusans,
619 1450 797 1515 atterebatur,
812 1461 843 1498 sc
852 1449 896 1498 ia·-

84 1527 148 1563 cere
160 1527 283 1580 segnem,
295 1515 374 1566 cuius
384 1515 561 1566 velocitatem
572 1530 652 1565 nemo
663 1522 746 1566 antea
755 1515 894 1568 valuisset

84 1579 223 1648 effugere:
234 1583 280 1634 vix
291 1598 357 1634 suos
368 1583 483 1632 credere
495 1599 549 1634 non
560 1583 685 1645 simulari
691 1582 891 1634 valetudinem.

83 1649 108 1698 8.
127 1649 223 1715 ltaque
262 1652 291 1700 ui
311 1650 502 1716 postDarium
522 1651 625 1700 victum
645 1651 752 1701 ariolos
767 1656 796 1702 et
810 1656 896 1702 vates

83 1718 232 1767 consulari
244 1667 376 1779 iesierat
387 1731 484 1768 rursus
497 1717 531 1766 ad
543 1719 783 1783 superstitionem,
794 1716 895 1769 huma·

82 1799 179 1835 narum
190 1787 323 1837 mentium
333 1782 464 1848 ludibria,
475 1784 892 1846 revolutus‚rlristendrum,cui

83 1853 277 1904 credulitatem
289 1869 366 1906 suam
377 1853 535 1914 addixerat,
548 1852 695 1918 explorare
706 1859 835 1904 eventum
844 1867 890 1904 rc·

81 1933 142 1970 rum
153 1921 298 1972 sacrificiis
309 1921 394 1973 iubet.
413 1921 477 1971 Mos
489 1927 550 1970 erat
559 1919 740 1986 aruspicibus,
752 1926 818 1971 exta
828 1921 890 1971 sine

81 2001 150 2054 rege
162 1996 299 2056 spectare,
321 1995 349 2040 et
365 1994 435 2054 quae
451 1987 691 2055 portenderentur,
710 1986 827 2038 rclerrc.
864 1987 890 2040 9.

81 2054 157 2105 luter
166 2055 235 2107 haec
245 2071 303 2118 rex,
312 2056 375 2106 dum
383 2055 460 2104 libris
468 2054 604 2120 pecudum
617 2055 798 2123 explorantur
808 2069 891 2106 even-

81 2129 127 2172 tus
138 2123 281 2175 latentium
291 2122 513 2188 rerum‚propius
524 2120 613 2188 ipsum
624 2122 771 2172 considere
783 2125 891 2174 amicos

82 2191 173 2253 iubet,
192 2207 226 2242 ne
242 2190 422 2240 contentione
433 2192 510 2239 uocis
521 2191 680 2240 cicatricem
691 2189 828 2240 infirmam
843 2190 892 2243 ed-

83 2255 136 2307 huc
155 2263 303 2322 rumperet.
340 2255 522 2323 Hephaestio,
544 2258 685 2319 Craterus,
707 2263 735 2306 et
753 2257 895 2325 Erigyius
1025 2307 1026 2316 ,

85 2330 162 2374 erant
173 2339 233 2372 cum
247 2323 408 2374 custodibus
418 2327 446 2375 in
461 2325 669 2376 tabernaculum
684 2323 807 2376 admissi.
847 2327 888 2376 lt).
1025 2321 1026 2348 l

86 2387 393 2459 Dicerimen‚inquit,rae
404 2391 552 2472 occupavit,
563 2393 671 2443 meliore
680 2391 796 2442 hosfium
809 2407 892 2459 paam

83 2472 140 2508 meo
153 2466 279 2576 ternpore.
316 2459 370 2510 Sed
379 2469 519 2511 necessetas
533 2469 595 2511 ante
610 2458 743 2512 rationem
757 2468 813 2520 ests
832 2475 891 2511 ma·
1025 2469 1026 2502 i

88 2540 152 2576 rame
161 2523 189 2576 ia
218 2527 275 2587 ello,
284 2543 334 2593 qao
345 2545 408 2579 raro
416 2526 585 2596 permittitur
595 2535 715 2594 tempora
726 2526 834 2596 eligere.
848 2529 890 2578 ll.
1025 2509 1026 2574 l

88 2589 216 2661 Defecere
226 2592 384 2657 Bactriani,
402 2595 430 2646 in
442 2609 554 2663 quorum
565 2595 709 2646 cervicibus
725 2604 844 2657 aramum
863 2601 893 2646 et
973 2649 976 2652 ,

1025 2715 1026 2740 l

1025 2761 1026 2790 l

86 2671 211 2780 ppaarnm
221 2661 249 2711 in
261 2662 335 2712 aubis
347 2662 431 2714 animi
439 2663 486 2720 sit,
507 2662 593 2714 alieno
605 2662 694 2714 Marte
704 2662 894 2730 caper-iuretur.

114 2728 167 2777 aad
176 2729 261 2787 dabie,
272 2729 467 2781 donaieerimus
475 2729 587 2797 Scythas
598 2733 668 2784 altra
680 2745 756 2782 arma
766 2729 890 2800 infereu-

14 2901 53 3005 i
