2054 3030
205 197 677 265 SUPPLEMENTA.LIBL11.
707 213 793 265 cnr.
813 215 853 264 11.
892 215 925 266 ot
976 179 980 202 ⁴

117 312 220 374 disset,
235 317 294 362 uta
308 325 397 363 eoena
410 311 579 364 temulentus
595 323 766 378 surrexerat,
783 314 926 369 saltabunt·
990 299 1017 372 ‘a

117 379 170 430 dus
186 393 219 430 eo
234 380 388 444 processit,
409 379 627 446 frequentesque
644 383 671 430 ei
685 397 803 436 coronas
817 382 925 434 iniecit.
1016 383 1017 392 ’

115 445 189 498 Nam
202 444 391 509 Theodecten‚
405 462 488 514 quum
497 447 678 498 Aristotelem
688 465 743 499 una
753 450 872 512 audiret,
884 449 926 502 ia·

115 515 255 565 miliarem
269 521 433 582 gratumque
448 512 593 566 habuerat.
632 515 657 565 l.
678 514 735 566 Sed
754 517 863 568 otiosos
883 520 925 570 iu·

115 581 219 634 senilis
230 582 315 634 animi
329 582 408 632 lusus
427 587 509 632 atrox
518 597 535 634 a
544 580 731 633 Parmenione
746 585 856 635 nuntius
868 585 924 636 cito
1016 615 1017 618 =

105 649 261 700 'discussit
297 647 555 717 comprehenderat
577 649 627 700 ille
651 649 767 700 Persam
789 651 926 717 quendam

113 717 382 779 Asisinemnomine,
394 732 411 766 a
419 715 580 780 regeDario
591 717 683 782 palam
715 715 808 766 uidem
819 718 854 768 ad
860 719 926 785 Aty-

114 783 189 835 aiem
204 783 347 852 Phrygiae
364 789 503 849 satrapam
517 779 645 844 missum,
666 732 716 834 sehli
732 799 793 834 eum
808 785 926 836 occultis

113 851 264 914 mandatis,
275 857 307 902 ut
317 850 504 902 Alexandrum
511 849 672 916 Lyncesten
679 857 791 918 captata
801 853 928 903 occasio·

112 934 150 970 ne
162 925 274 970 secreto
287 918 459 978 conveniret,
471 917 567 982 eique,
582 919 607 968 si
619 918 760 970 destinata
771 917 924 982 effecisset,

110 985 301 1037 Macedoniae
312 1000 343 1034 re
384 1001 430 1035 um
441 991 469 1035 et
478 984 555 1036 mille
566 985 680 1053 insuper
690 986 925 1054 auritalentapol-

110 1055 260 1104 liceretur.
296 1051 320 1101 8.
339 1001 410 1103 §xm
424 1053 461 1114 is,
479 1067 539 1103 cum
550 1053 669 1120 Amynta
678 1053 826 1122 transfuga
837 1055 924 1106 scele-

112 1125 162 1172 sto
171 1118 290 1170 oonsilio
301 1120 382 1181 inito,
400 1118 547 1172 occidendi
557 1123 634 1188 regis
646 1129 740 1188 partes
752 1121 808 1173 sibi
818 1137 925 1174 sumse-
1016 1165 1017 1168 ,

109 1193 169 1238 rat.
206 1185 311 1238 Oderat
324 1203 387 1238 eum
406 1193 463 1238 tum
478 1188 541 1240 aliis
552 1189 587 1240 de
599 1190 700 1252 causis,
712 1198 770 1241 tum
781 1190 858 1259 quod
867 1190 924 1242 He-

109 1269 259 1306 romenem
271 1261 299 1306 et
307 1256 489 1318 Arrabaeum,
505 1255 608 1308 iratres
619 1255 700 1308 huius
711 1259 871 1321 Alexandri,
882 1259 924 1308 in-

109 1331 158 1375 ter
168 1327 302 1390 paternae
318 1327 395 1375 neeis
411 1326 541 1376 conscios
554 1325 692 1391 supplicio
710 1325 862 1378 affecisset.
899 1325 924 1376 9.

109 1391 150 1442 Et
161 1405 324 1459 quamquam
335 1392 396 1460 ipse
406 1406 499 1460 poena
509 1399 645 1455 exemtus,
661 1393 812 1462 multisque
822 1399 924 1460 postea

110 1457 268 1510 honoribus
281 1466 408 1523 ornatus,
426 1476 483 1511 non
497 1459 617 1526 simplex
627 1460 794 1512 beneficium
803 1463 866 1528 regi
876 1461 924 1511 de-

109 1527 205 1589 beret;
227 1527 312 1577 insita
331 1527 423 1578 animo
437 1526 547 1578 ferocia
566 1535 595 1578 et
613 1527 772 1579 dominandi
793 1528 923 1595 cupidine

110 1591 184 1645 nihil
194 1591 273 1644 nefas
287 1595 412 1660 putabat,
427 1609 478 1660 per
493 1596 568 1661 quod
584 1594 619 1644 ad
636 1610 752 1662 regnum
762 1597 807 1647 ria
817 1603 924 1647 sterne-

109 1669 199 1712 retur.
220 1663 261 1712 1⁰.
278 1662 318 1713 Re
328 1663 357 1712 in
368 1662 516 1712 consilium
528 1661 657 1723 deducta,
669 1663 835 1714 facilitatem
846 1663 923 1728 regis

111 1729 271 1796 arguebant
284 1729 375 1790 amici,
396 1729 467 1796 quod
479 1727 612 1779 homiaem
621 1728 650 1778 t'u
661 1727 806 1794 manifesto
822 1727 922 1795 malcfi-

108 1794 155 1848 ca‘o
172 1795 378 1862 deprehensum,
396 1810 450 1846 aaa
470 1795 548 1846 inodo
564 1793 663 1862 punire
681 1811 736 1846 aaa
748 1794 922 1856 susannisset,

109 1879 205 1915 rerum
224 1864 304 1916 etiam
320 1863 449 1932 praemiis
470 1871 497 1914 ct
514 1861 661 1914 donandas
680 1869 787 1914 auctura
808 1861 924 1929 spamae

111 1931 249 1997 equitatus
254 1933 334 2000 parti
337 1929 545 2000 praeposuisset.
582 1927 665 1994 Quem
676 1928 796 1998 deinceps
807 1928 924 2008 eifldum

100 1998 250 2070 futurum,
274 1999 299 2051 si
313 2008 427 2068 praeter
447 1997 632 2067 inmunitatem
647 1997 763 2066 propior
787 1996 923 2049 amacitiae

108 2066 226 2134 gradus,
238 2067 370 2120 maximae
381 2067 534 2136 dignitates,
546 2066 713 2137 honon'flcae
722 2065 921 2134 praefecturae,

105 2133 257 2203 parricidii
267 2151 365 2186 merces
376 2136 475 2186 essent?
510 2137 549 2185 ll.
566 2133 658 2202 Igitur
667 2143 772 2186 manare
783 2133 921 2184 enrendaa·

111 2202 191 2264 dam,
208 2204 279 2269 quod
293 2202 376 2254 nimia
395 2202 503 2254 lenitate
512 2210 654 2270 peccatam
670 2210 749 2263 erret,
763 2199 922 2269 priusquam

108 2267 167 2331 itte,
179 2271 318 2322 consilium
328 2286 463 2322 emanasse
473 2270 600 2332 sentiens,
616 2268 805 2330 Thessalorum
815 2268 922 2320 mobiles

112 2337 220 2388 animos
239 2339 275 2391 ad
286 2355 327 2390 res
340 2339 477 2390 notandas
492 2337 637 2389 induceret.
675 2335 737 2388 Noa
756 2345 921 2389 contemnen-

112 2403 246 2458 dumetae
260 2405 418 2474 periculum,
439 2422 490 2473 quo
505 2403 590 2456 maius
605 2421 637 2456 ae
649 2403 801 2472 excogitari
819 2404 923 2472 quidem

106 2471 213 2539 possit:
227 2491 311 2542 aeque
323 2475 471 2553 spernenda
482 2473 591 2525 deorum
602 2479 718 2535 ostenta,
736 2473 782 2539 qui
790 2489 819 2523 re
840 2489 880 2522 em
891 2473 922 2521 de

108 2540 238 2594 cavendas
257 2543 359 2593 sartam
385 2541 518 2594 euidenter
541 2539 711 2592 manuisum.
758 2541 798 2591 12.
853 2551 923 2604 uper

112 2609 200 2671 enim,
211 2610 275 2661 dum
285 2611 514 2662 Halicarnassum
525 2608 665 2670 obsidens,
681 2614 745 2676 post
754 2608 857 2674 longos
866 2618 922 2654 nra-

113 2686 243 2746 g'nosque
253 2679 366 2730 labores
376 2678 571 2730 meridiatione
582 2677 718 2740 reficitur,
732 2673 862 2733 hirundo,
874 2685 923 2720 no·

112 2751 146 2796 ta
159 2747 294 2812 auspiciis
308 2747 376 2810 stris,
395 2761 496 2814 magno
518 2760 577 2795 cum
596 2746 712 2863 garritu&
720 2747 824 2794 circum
841 2742 924 2804 caput

168 2814 335 2868 Cauaras.
973 2815 979 2832 ⁸
