2048 3034
260 209 408 262 Lluurt
436 209 469 260 V.
500 209 598 261 CAR.
627 210 697 262 tt.
824 211 872 262 aut

75 309 137 364 binc
148 313 183 363 ad
198 327 265 363 suos
279 312 480 363 recurrentium
498 311 666 362 miserabilis
685 312 783 376 facies,
802 314 872 364 inte·

73 395 138 498 pros
150 395 270 447 queque,
283 390 366 430 antea
377 395 457 497 spiam
469 379 619 429 discrimen
629 383 833 444 experirentur,
843 382 872 431 in

85 462 165 514 ugam
180 447 288 498 evertit.
323 448 364 497 29.
401 447 509 497 'remita
528 445 630 497 deiude
644 447 673 496 in
690 455 790 509 castra,
810 453 872 516 quis

73 515 204 565 Craterus
215 521 350 581 praeerat,
371 515 461 575 illato,
481 513 516 564 ad
531 514 707 580 occupandas
718 519 870 582 angustias,

72 582 100 630 in
129 580 210 632 uibus
221 583 308 646 pridie
320 579 486 642 haesitaret,
504 580 584 630 miles
597 581 734 631 educitur.
770 583 810 632 dd.
831 583 872 636 Si-

72 597 129 698 muq
148 654 176 699 et
196 647 322 700 Philotas
344 665 404 700 curn
422 648 632 714 Polyperconte
650 651 824 715 Amyntaque
844 657 873 700 et

73 716 168 768 Coeno
179 717 383 768 diversumiter
391 715 501 782 ingredi
513 717 618 774 iussus,
639 715 724 766 elium
737 722 873 766 terrorem

72 782 166 834 intulit
177 783 313 834 barbaris.
331 832 333 840 ,
350 784 391 834 31.
413 783 488 848 Ergo
500 783 622 848 undique
634 782 819 833 Macedonum
831 798 872 832 ar-

71 853 123 900 mis
132 849 307 918 fulgentibus
318 850 434 916 ancipiti
444 849 517 899 malo
532 850 673 915 oppressi,
693 849 873 900 memorabile

71 923 163 968 tamen
174 918 312 984 proelium
323 917 417 968 edunt
447 916 483 966 Ut
492 917 600 982 opinor,
610 918 750 984 ignaviam
761 931 872 983 quoque

71 986 226 1035 necessitas
237 985 328 1044 acuit3
346 991 375 1035 et
385 994 468 1048 saepe
480 983 640 1050 desperatio
652 986 711 1051 spei
723 999 810 1034 causa
822 991 872 1034 est„

70 1051 111 1102 32.
124 1051 197 1102 Nudi
211 1051 467 1118 complectebantur
477 1059 608 1113 armature,
620 1058 649 1102 et
658 1054 765 1119 ingenti
777 1066 874 1118 corpo-

70 1131 131 1170 rum
142 1119 217 1170 mole
228 1133 321 1169 secum
333 1119 366 1169 ad
379 1127 479 1170 terrum
492 1117 683 1180 detrahentes,
699 1121 824 1188 ipsorum
835 1127 875 1171 te·
893 1121 900 1130 '

70 1185 106 1236 lis
129 1186 281 1252 plerosque
302 1185 454 1238 fodiebant.
490 1187 531 1238 33.
550 1188 755 1239 Ariobarzanes
770 1197 874 1251 tamen,

72 1252 123 1304 XL
134 1251 224 1304 ferme
236 1255 375 1320 equitibus
387 1263 416 1305 et
425 1256 546 1322 quinque
558 1256 680 1306 millibus
691 1256 815 1322 peditum
826 1255 875 1306 sti·
911 1297 914 1302 .

70 1329 161 1388 patus,
181 1337 232 1387 per
251 1323 367 1372 mediam
387 1323 476 1373 aciem
495 1323 680 1374 Macedonum
700 1338 761 1374 cunr
786 1325 873 1374 multo

70 1403 183 1440 suorum
194 1396 279 1456 atque
291 1387 409 1442 bostium
425 1392 560 1457 sanguine
575 1393 679 1457 erupit,
701 1391 873 1457 Persepolim

71 1457 176 1519 urbem,
190 1464 274 1522 caput
284 1459 418 1524 regionis,
429 1473 566 1524 «recupare
577 1458 724 1510 festinans.
758 1460 798 1509 34.
817 1459 873 1510 Sed

72 1539 89 1572 o
100 1525 264 1576 custodibus
275 1526 351 1576 urbis
362 1525 506 1585 exclusus,
527 1527 686 1576 consecutis
701 1533 813 1588 strenue
824 1525 861 1576 lro

73 1591 169 1652 adhue,
177 1609 240 1642 curn
252 1593 379 1642 omnibus
390 1592 473 1658 lagae
483 1593 783 1652 comitibus,renorato
794 1607 874 1659 proe-

73 1658 111 1708 lio
121 1661 235 1710 cecidit.
273 1659 403 1710 Craterus
416 1674 540 1726 quoque,
560 1661 659 1726 raptim
673 1663 784 1726 agmine
800 1669 874 1721 acto,

74 1741 105 1776 su
125 1729 243 1778 ervenit.
867 1765 868 1768 ,

106 1741 155 1845 pV.
175 1796 237 1846 Rex
249 1793 347 1844 eodem
358 1793 386 1842 in
398 1792 475 1852 loco,
489 1807 545 1858 quo
559 1791 679 1842 bostium
691 1807 787 1857 copias
798 1791 876 1843 fude-

73 1867 124 1922 rat,
134 1869 229 1914 castra
240 1853 399 1911 communit.
437 1860 608 1926 Quanrquam
620 1860 691 1910 eninr
702 1859 823 1924 undique
836 1858 878 1912 lu·

73 1929 131 1993 gnti
142 1926 241 1980 hostes
252 1928 398 1979 victoriam
410 1937 621 1984 concesserant,
632 1935 723 1977 tamen
736 1927 877 1994 praealtae

74 1999 298 2063 praecipitesque
310 1995 416 2056 fossae,
429 1995 553 2060 pluribus
566 1995 635 2045 locis
648 1995 785 2056 obiectae,
798 1994 878 2045 abru-

74 2065 174 2128 perant
183 2065 250 2115 iter:
262 2065 420 2130 sensimque
432 2070 460 2113 et
471 2071 551 2114 caute
564 2063 879 2130 progrediendum'erat,

75 2129 128 2180 iam
143 2147 199 2182 non
217 2130 352 2193 bostium,
372 2132 421 2181 sed
433 2133 557 2182 locorum
569 2129 667 2182 fraude
678 2136 817 2196 suspecta.
853 2133 878 2181 2.

77 2195 246 2250 Procedenti
259 2199 283 2248 ei
297 2199 395 2250 literae
406 2199 584 2257 redduntura
595 2199 741 2266 'lyr-idere,
761 2197 878 2248 custode

76 2267 170 2332 regiae
181 2267 331 2333 pecuniae,
342 2267 511 2326 indicantes,
522 2281 587 2328 eos,
599 2269 644 2332 qui
656 2266 683 2315 in
695 2265 763 2315 urbe
774 2271 878 2328 essent,

76 2333 171 2383 audito
184 2336 246 2386 eius
257 2333 385 2394 adventu,
393 2334 514 2399 diripere
527 2334 599 2383 velle
609 2331 770 2384 thesauros:
781 2349 879 2400 prope-

76 2406 154 2450 raret
163 2416 317 2467 occupare:
329 2401 487 2468 expeditum
500 2402 554 2452 iter
565 2403 877 2467 esse‚quemquamllra-

76 2480 126 2516 xes
154 2471 242 2520 amnis
266 2468 416 2520 interfluat.
453 2469 476 2520 3.
505 2468 615 2519 Nullam
645 2469 772 2519 virtutem
802 2471 878 2536 regis

74 2532 157 2585 istius
167 2538 265 2603 magis,
286 2551 366 2603 quam
387 2535 570 2597 celeritatem,
589 2535 767 2588 laudaverim.
805 2537 878 2587 lteri-

75 2601 127 2652 ctis
148 2605 324 2670 pedestribus
345 2607 445 2671 copiis,
464 2610 526 2655 tota
545 2611 627 2654 nocte
649 2618 708 2654 cunr
727 2605 877 2672 equitibus,

76 2667 187 2721 itineris
198 2678 277 2722 tanto
288 2673 378 2737 spatio
393 2671 533 2739 fatigatis,
545 2671 578 2721 ud
590 2671 706 2722 ararem
718 2673 806 2737 prima
817 2672 877 2720 luce

77 2739 212 2802 pervenit.
248 2738 273 2788 ll.
292 2739 357 2790 Vici
373 2747 453 2796 erant
467 2741 495 2790 in
507 2739 674 2806 propinquo:
695 2740 794 2806 quibus
805 2737 866 2789 diru

918 2919 1011 3014 Ι
