2036 3030
312 652 679 807 Pr'uefetio.

153 1131 213 1214 Uo
226 1176 319 1232 nuper
331 1157 363 1212 in
371 1153 522 1228 Sallustio,
536 1158 578 1212 ito
591 1173 669 1211 nnnc
683 1171 770 1231 quum
783 1153 900 1212 tabulae

86 1269 291 1334 etereotypoe‚
308 1257 340 1312 in
359 1255 461 1334 quibus
480 1254 597 1312 Curtiur
617 1253 834 1326 continebatur,
853 1273 900 1312 re-

88 1357 245 1416 noveudoe
269 1363 380 1425 essent,
404 1363 486 1411 tento
510 1356 607 1411 minue
629 1354 662 1409 in
684 1353 809 1428 prirtino
836 1355 899 1410 einr

88 1466 194 1516 textuo
216 1455 385 1514 recensione
408 1452 649 1533 acquiescendum
667 1470 730 1510 etse
754 1453 898 1524 dioximus,

89 1565 203 1635 quanto
217 1556 380 1612 uberiorem
391 1553 460 1610 huie
474 1571 587 1631 quoque
601 1553 738 1628 roriptori
753 1557 899 1611 recentior

90 1657 255 1733 philologio
269 1671 349 1709 ouem
368 1671 483 1727 operum
498 1653 616 1711 dicerit.
658 1651 788 1710 Eundem
801 1662 899 1711 tumen

91 1767 121 1812 et
136 1761 171 1814 in
189 1753 259 1824 hoe,
278 1768 363 1829 quero
377 1752 409 1806 in
422 1751 489 1822 illo,
506 1753 584 1808 viem
597 1755 723 1830 ingressi
741 1773 839 1812 eumue
852 1755 916 1812 vel·

92 1859 175 1912 circo
188 1854 343 1912 lectionem
353 1852 401 1908 vei
410 1853 593 1925 scriptoram,
604 1869 708 1929 eaeque
717 1856 899 1931 potissimum

91 1963 226 2011 veterum
245 1953 383 2009 librorum
401 1952 540 2009 lectione·
557 1953 753 2026 restituimur,
776 1973 847 2031 queo
871 1965 901 2012 et

93 2073 197 2110 oeneus
221 2062 249 2110 et
271 2051 394 2134 hicterio
417 2060 447 2108 et
468 2053 618 2126 eoriptorio
642 2072 710 2110 unus
733 2057 898 2112 necessario
947 2096 951 2102 -

92 2151 275 2228 recipiendae
288 2149 440 2222 tundebat,
455 2152 602 2208 omirimoe
616 2161 713 2208 eutero
725 2170 824 2210 omnen
839 2173 898 2227 eos,

95 2271 170 2328 quoe
192 2251 352 2326 peculiares
375 2259 471 2306 esseut
497 2253 584 2307 certis
610 2250 779 2327 quibusdem
805 2253 898 2326 libris,

96 2351 256 2428 quibusque
281 2351 396 2426 vulgati
422 2358 519 2406 textor
544 2351 685 2408 lectiones
712 2353 760 2408 vei
780 2362 899 2430 propter

95 2467 212 2510 eentum
229 2449 277 2506 vei
295 2467 378 2506 noum
396 2451 560 2524 scriptorio,
580 2451 606 2506 oi
624 2451 719 2508 minue
732 2451 898 2526 praeferen-

96 2547 165 2621 due,
184 2559 215 2607 et
233 2559 311 2606 certe
325 2566 384 2604 non
402 2549 614 2624 postponendae
629 2548 806 2608 riderentur.
849 2549 897 2606 ln-

94 2651 195 2720 primio
221 2657 318 2706 cutem
344 2655 509 2706 occurotern
537 2647 666 2727 dedimus
692 2665 824 2725 operum,
854 2657 898 2720 ut,

898 2910 922 2966 A
