2054 3030
148 165 198 216 me
369 162 540 223 uurnrr
568 143 733 212 courir
790 145 793 159 '

145 265 254 316 oraculi
268 270 372 314 sortem
390 265 436 315 vel
460 265 545 315 elusit
565 264 611 314 rel
628 263 762 329 implevit.
800 263 841 314 19.
863 264 980 325 Quum

146 330 375 396 deindeDarium,
386 332 544 399 ubicunque
555 337 782 397 esset‚occupare
794 333 978 396 statuisset,

146 407 176 449 ut
191 415 208 449 a
224 406 306 466 tergo
320 405 383 451 tuta
400 400 583 466 relinqueret,
604 397 800 464 Amphoterum
815 399 906 452 classi
921 405 974 454 ad

145 480 223 516 oram
240 467 433 535 Hellesponti,
453 467 542 533 copiis
562 472 654 516 autem
673 464 811 533 praefecit
826 466 972 534 Hegelo-

146 533 237 597 chum,
257 533 379 586 Lesbum
393 540 422 584 et
435 531 534 585 Chium
549 538 578 584 et
593 533 653 585 Con
666 533 814 600 praesidiis
828 531 970 587 hostium

145 601 323 654 liberaturos.
359 604 401 652 20.
419 601 472 651 llis
482 602 589 652 talenta
598 601 633 652 ad
643 601 711 652 belli
725 617 805 652 usum
817 603 969 670 quingen-

145 675 175 720 ta
184 670 331 721 attributa:
343 669 378 719 ad
387 669 559 736 Antipatrum
570 675 598 720 et
609 683 668 729 eos,
679 668 856 786 quiGraecas
868 671 967 723 urbes

146 737 302 800 tuebantur,
320 742 453 788 sexcenta
466 738 564 788 missar
585 735 679 787 exire
701 749 748 785 ere
762 751 847 786 naves
864 739 965 790 sociis
1014 755 1015 800 ξ

144 805 306 871 imperatae,
336 819 387 855 uae
398 804 584 872 Hellesponto
595 802 795 870 praesiderent.
821 805 864 854 tl.
876 803 963 856 Non-

145 871 209 923 dum
219 873 292 924 enim
333 886 478 922 emnonem
490 873 547 922 rita
557 871 713 922 excessisse
725 878 915 936 cognoverat3
926 875 963 924 in

145 954 226 1005 quem
237 953 332 990 omnes
341 939 499 989 intenderat
509 954 602 1000 curas,
617 937 685 989 satis
696 953 798 1005 gnarus
810 945 916 990 cuncta
925 944 961 992 in

145 1005 276 1074 expedito
287 1005 358 1066 lore,
370 1006 395 1056 si
404 1003 474 1054 nihil
484 1005 517 1056 ab
529 1021 563 1056 eo
574 1012 740 1056 moveretur.
777 1007 819 1056 22.
834 1005 959 1074 lamque

146 1073 181 1123 ad
191 1073 286 1123 urbem
298 1074 556 1138 Ancyramventunr
567 1078 640 1135 erat,
661 1072 708 1123 ubi
725 1087 839 1124 numero
855 1076 958 1140 copia-

146 1153 205 1189 rum
218 1139 303 1200 inito,
321 1136 541 1205 Paphlagoniam
559 1140 653 1191 intrat
676 1139 750 1190 Huic
763 1141 851 1191 iuncti
870 1145 960 1193 erant

147 1206 237 1266 Eneti,
259 1205 332 1255 unde
347 1205 458 1271 quidam
469 1205 595 1258 Venetos
611 1205 721 1258 trahere
738 1208 876 1274 originem
892 1224 959 1260 cre-

138 1273 225 1334 ·dunt;
253 1271 294 1322 23.
307 1273 450 1338 omnisque
461 1271 530 1324 haec
538 1275 619 1341 regio
630 1275 722 1342 paruit
732 1276 808 1342 regi:
820 1275 959 1344 datisque

146 1337 299 1402 obsidibus,
308 1339 451 1402 tributum,
463 1340 536 1406 quod
548 1340 797 1408 nel'ersisquidem
807 1343 959 1410 tulissent,

144 1406 267 1522 pendere
287 1421 321 1457 ne
341 1414 521 1474 cogerentur,
542 1411 767 1477 impetraverunt.
803 1409 846 1460 24.
867 1411 958 1464 Calas
1014 1415 1015 1428 ³

163 1475 209 1525 uic
222 1475 333 1542 regioni
347 1477 521 1543 praepositus
534 1484 589 1528 est:
608 1479 681 1544 ipse,
699 1478 829 1528 assumtis
851 1482 902 1545 qui
919 1496 960 1533 ex

145 1541 313 1606 Macedonia
322 1558 410 1608 nuper
420 1544 598 1607 advenerant,
610 1545 812 1612 Cappadociam
822 1547 919 1662 petiit.

195 1609 229 1659 ll.
247 1609 286 1661 At
295 1609 408 1674 Darius,
419 1613 544 1662 nuntiata
552 1611 708 1663 Memnonis
721 1618 811 1662 morte
843 1615 900 1665 aud
911 1631 958 1666 se·
1014 1635 1015 1658 r

146 1692 194 1728 cus
206 1692 287 1758 quam
297 1693 347 1744 par
358 1685 420 1730 erat
431 1686 537 1741 motus,
548 1680 652 1730 omissa
662 1680 736 1729 omni
747 1679 802 1730 alia
815 1695 881 1746 spe,
896 1689 957 1733 sta·
1014 1705 1015 1746 3

144 1745 200 1797 tuit
209 1760 269 1812 ipse
281 1747 443 1798 decernere:
458 1749 559 1814 quippe
571 1763 641 1813 quae
652 1761 701 1812 per
712 1747 797 1798 duces
807 1764 876 1799 suos
889 1758 959 1801 acta
1011 1785 1015 1812 4

107 1833 110 1840 ·
146 1819 234 1876 erant,
246 1821 347 1866 cuncta
357 1815 513 1878 damnabat,
524 1814 740 1880 ratus,pluribus
752 1829 855 1878 curam,
864 1820 957 1866 omni-

144 1881 196 1932 bus
207 1880 330 1933 abfuisse
342 1880 490 1933 fortunam.
526 1884 550 1931 2.
570 1882 659 1948 lgitur
670 1883 770 1932 castris
782 1882 816 1933 ad
826 1882 956 1951 Babylo-

145 1961 208 1999 nem
219 1950 331 2014 positis,
349 1964 402 2016 quc
417 1949 523 1999 maiore
539 1949 630 1999 animo
647 1949 956 2014 capesserentbellum,

144 2015 289 2067 universus
304 2017 379 2066 vires
392 2018 421 2066 in
435 2021 614 2082 conspectum
630 2017 718 2068 dedit:
736 2022 766 2068 et
776 2019 954 2070 circumdato
1014 2065 1015 2074 ἦ

143 2083 228 2146 vallo,
244 2084 318 2150 quod
328 2083 425 2134 decem
434 2083 551 2135 millium
564 2091 733 2136 armatorum
742 2085 956 2137 multitudinem
1014 2081 1015 2090 ’

145 2157 272 2216 caperet,
292 2151 394 2203 Xerxis
415 2151 547 2217 exemplo·
560 2167 703 2202 numerum
719 2153 862 2219 copiarum
875 2155 953 2205 iniit.

144 2217 169 2266 3.
182 2217 251 2269 Orto
264 2219 324 2270 sole
335 2220 370 2270 ad
380 2226 490 2270 noctem
501 2219 620 2287 agmina,
626 2223 698 2271 sicut
709 2219 799 2270 deseri
804 2226 850 2286 pta
861 2229 953 2283 erant,

142 2283 283 2336 intravere
294 2285 403 2337 vallum.
439 2287 507 2338 lnde
523 2293 728 2354 occupaverunt
743 2288 845 2339 emissa
855 2289 954 2339 Meso-

142 2352 282 2416 potamiae
289 2367 411 2420 campos:
423 2357 547 2423 equitum
557 2355 736 2422 peditumque
747 2355 952 2423 propemodum

142 2419 352 2472 innumerabilis
363 2423 451 2485 turba,
462 2421 596 2472 maiorem
608 2437 688 2488 quam
698 2437 748 2489 pro
760 2436 876 2475 numero
887 2438 951 2489 spe·

143 2486 214 2538 ciem
229 2501 339 2555 gerens.
374 2491 398 2541 i.
417 2490 565 2540 Persarum
582 2496 661 2540 erant
673 2497 782 2543 centum
797 2491 897 2541 millia:
919 2492 952 2542 in

143 2558 204 2620 quis
225 2569 311 2624 eques
330 2558 445 2623 triginta
462 2555 552 2606 millia
570 2556 712 2622 implebat.
752 2558 830 2608 Medi
851 2558 949 2609 decem

142 2623 275 2688 equitum,
294 2623 492 2689 quinquaginta
504 2622 725 2688 milliapeditum
736 2623 883 2676 habebant.
921 2625 947 2676 5.

140 2687 329 2739 Barcanorum
341 2691 461 2756 equitum
473 2689 528 2740 duo
538 2690 627 2739 millia
636 2689 730 2754 fuere,
743 2693 842 2742 armati
850 2692 947 2758 bipen-
