2098 3040
1 889 8 1042 l

347 182 493 233 LIBER
519 185 553 233 X.
582 185 676 236 CAP.
704 183 729 234 (5.
757 184 782 234 l.
920 183 971 232 407

165 283 231 334 airis
250 291 362 345 tantam,
385 283 477 351 quibus
495 283 585 334 invitis
605 284 673 334 nileil
684 283 791 350 perpeti
803 297 906 336 necesse
920 291 967 334 est.

165 353 207 402 21.
227 349 283 402 Nec
292 367 354 402 uera
364 349 483 412 interest,
503 350 630 402 Roxanes
632 349 735 418 filium,
759 350 969 420 quandocumque

149 457 153 466 .
162 417 271 485 genitus
281 416 345 479 erit,
356 434 391 470 an
401 417 559 470 Perdiccam
569 433 660 485 regem
669 416 788 469 habeatis
793 436 805 479 ‚·
814 433 908 536 fluam
918 417 967 468 iste

164 485 211 536 sab
223 485 320 537 tutelae
329 484 414 553 specie
425 502 537 564 regnam
548 492 726 551 occupaturae
735 483 778 534 sit.
830 494 909 553 taque
922 501 966 536 ue·

164 568 206 608 mo
218 552 243 602 ei
252 555 407 688 resslacet,
420 552 473 604 arri
484 552 655 620 qainondam
666 559 745 602 name
756 560 806 602 est:
817 561 843 602 et
850 553 879 613 in
889 561 967 604 tanta

164 618 280 672 amnium
305 619 471 680 estimatione,
490 637 544 670 nore
554 621 624 672 iaetu
634 618 722 679 modo,
736 619 870 669 sedetiam
879 637 966 671 neces·

163 686 245 749 saria,
267 696 375 739 exactos
396 703 496 738 menses
509 689 579 738 solas
598 693 740 754 exspectat,
762 693 789 735 et
801 684 855 735 iam
864 687 966 739 dirimat

162 770 262 805 marem
271 771 325 806 esse
336 763 507 821 coaequum·
518 770 594 822 quem
603 770 649 804 aas
658 751 786 804 dubitatis
790 761 920 819 paratam
927 771 965 805 es-

160 837 187 872 se
207 823 249 872 rel
265 821 394 872 subdere?
428 823 470 871 22.
490 820 521 870 se·
534 821 632 872 medias
655 821 713 872 dias
727 820 880 881 Alexander
896 820 967 872 lanc

159 887 236 939 nobie
249 904 340 956 regem
346 905 399 955 pro
410 904 437 939 se
447 887 620 954 reliquisset,r'
646 886 825 949 retamenta,
857 888 964 938 aaee'm-

156 963 288 1022 pererret,
300 955 516 1026 arefaciendam
526 971 580 1007 esse
590 971 730 1006 censerem.
766 955 808 1005 23.
830 903 855 1018 ὅ

161 1030 207 1073 tar
217 1023 253 1072 ad
262 1021 423 1090 diripiendas
437 1023 575 1075 tleesauros
591 1021 758 1074 dismrrre'ts's?
775 1019 882 1073 Harum
896 1022 966 1072 enim

856 953 902 1005 aim
912 954 964 1024 igi·
1044 1000 1045 1012 ,

162 1104 241 1156 apum
260 1089 398 1157 regiarum
416 1089 507 1158 atique
521 1090 636 1158 popalus
651 1098 691 1142 est
705 1089 788 1141 lueres.
824 1091 865 1140 24.
885 1090 964 1140 Haeo
1044 1127 1045 1130 ,

161 1159 289 1208 elocutus
304 1173 354 1224 por
367 1159 475 1210 medios
488 1166 611 1209 armatae
625 1158 731 1224 erupit3
751 1165 780 1208 et
793 1159 842 1225 qui
851 1158 965 1209 abeunti

160 1225 233 1274 viam
249 1225 395 1288 dederant,
415 1226 507 1293 ipsum
517 1227 552 1278 ad
562 1226 769 1292 pronuntiatam
779 1226 912 1290 praedam
923 1241 966 1275 ee·
1044 1267 1045 1292 ,

159 1293 323 1358 quebantur.

209 1359 269 1412 vu.
297 1361 407 1428 lamque
433 1367 601 1414 armatorum
621 1361 695 1412 circa
714 1361 889 1430 Meleagrum
910 1360 965 1411 lre-
1044 1379 1045 1426 ξ

159 1443 247 1493 quem
258 1427 358 1493 globus
370 1436 443 1490 erat,
462 1430 492 1479 in
502 1430 669 1480 seditionem
682 1444 715 1479 ac
725 1429 894 1482 discordiam
904 1443 964 1480 rer·
1044 1429 1045 1486 ζ

160 1509 192 1544 sa
209 1496 357 1556 corroione3
377 1511 459 1563 quum
479 1496 600 1560 quidam,
621 1496 761 1561 plerisque
777 1497 964 1550 Macedonum
1044 1495 1045 1498 ’

159 1562 288 1638 ignotus,
300 1576 335 1610 ex
345 1563 438 1612 infima
447 1560 543 1638 plebe,
557 1559 630 1624 Quid
639 1576 702 1628 opas
713 1570 759 1623 ert,
771 1563 874 1642 inquit,
882 1561 964 1668 (termis

160 1626 921 1773 orerecmeemms‘,cananaeam
937 1632 962 1710 ²2

153 1761 263 1831 frater,
293 1777 434 1812 sacrorum
453 1777 728 1829 caeramomarumque
748 1777 857 1814 consors
877 1778 918 1814 mo
939 1781 963 1825 o,
1043 1817 1046 1836 ἢ

159 1844 231 1880 nanc
239 1831 310 1880 salas
319 1828 403 1891 heres,
414 1827 579 1896 praeteritur
590 1845 607 1879 a
618 1828 699 1880 calm.
725 1827 784 1892 Quo
793 1829 887 1880 merito
898 1833 964 1882 saal
1045 1839 1046 1852 ¹

160 1895 255 1964 auidae
279 1896 344 1959 ecit,
364 1895 961 1975 caretiamgentiamcommaaiiarefraade·

159 1965 223 2014 tar.²
260 1963 434 2016 iellexaadro
453 1965 564 2014 semelem
583 1961 720 2031 quaeritis,
739 1980 876 2032 aanqaam
889 1981 961 2033 repe·
1044 2003 1046 2020 ι

158 2029 452 2098 rietir,·-siproximam‚
465 2030 508 2082 tte
517 2031 587 2082 rolas
598 2039 644 2084 est.
673 2033 697 2083 3.
709 2031 762 2082 His
774 2032 887 2095 auditis,
898 2048 963 2084 oon·
1045 2031 1046 2086 l

159 2099 204 2150 oio
215 2099 304 2164 primo
315 2099 456 2164 silentium
466 2098 543 2151 velut
552 2099 630 2150 iussa
639 2097 744 2150 habuit.
782 2099 964 2162 Conclamant

159 2166 262 2218 deinde
272 2166 384 2231 pariter,
390 2166 537 2218 Aridaeum
546 2166 701 2218 vocandum
712 2173 962 2234 esse,mort'emque

158 2235 285 2296 meritos,
314 2235 343 2284 ui
353 2235 516 2284 concionem
526 2236 586 2285 eine
597 2248 631 2285 eo
642 2232 812 2284 habuissent.
846 2235 871 2288 l.
891 2235 962 2288 Tum

158 2300 272 2365 Pithon,
282 2249 381 2368 plenus
391 2301 576 2364 lacrimarum,
587 2301 697 2353 orditur
706 2301 813 2353 dicere:
834 2319 906 2354 nunc
917 2304 962 2356 vel

158 2371 278 2422 maxime
292 2367 479 2420 miserabilem
493 2383 556 2419 esse
565 2368 761 2432 Alexandrum,
781 2369 828 2437 qui
841 2377 896 2422 tam
912 2371 962 2422 bo·

158 2452 257 2490 norum
274 2438 375 2488 civium
388 2435 562 2502 militumque
575 2434 668 2488 fructu
683 2443 711 2488 et
720 2439 879 2504 praesentia
888 2436 962 2488 irau-

160 2504 240 2556 datua
261 2511 345 2556 esset.
381 2503 489 2556 Nomen
508 2504 581 2555 enirn
597 2505 812 2574 memoriamque
831 2507 962 2572 regiseui,

159 2577 265 2623 tantum
275 2573 426 2636 intuentes,
437 2571 472 2622 ad
483 2577 577 2621 cetera
588 2570 711 2640 caligare
722 2587 781 2623 eos.
795 2573 826 2604 ⁴¹*
844 2572 868 2622 5.
879 2571 963 2626 Haud

161 2639 291 2706 ambigue
304 2639 333 2689 in
345 2641 486 2701 iuvenem,
506 2639 551 2689 oui
565 2653 680 2706 regnum
695 2639 895 2704 destinabatur,
914 2641 964 2695 im-

161 2720 248 2772 pensa
267 2707 370 2772 probra
381 2709 471 2776 magis
485 2707 538 2776 ipsi
551 2707 654 2770 odium,
675 2722 756 2774 quarn
765 2706 888 2759 Aridaeo
900 2723 966 2760 con-
