2054 3030
148 121 153 132 “
187 113 503 198 surrentinum
521 115 597 166 cre.
616 116 650 167 u.
670 93 818 168 claro.
878 115 913 170 es
997 184 999 197 ί

107 231 174 268 nem
185 231 286 284 resque
300 218 437 284 pretiosas
451 217 537 269 duces
551 225 702 270 avexerunt
715 221 742 268 in
764 218 823 269 Con
837 219 912 272 insu·
1008 255 1009 260 =

107 284 176 336 lam.
212 287 254 334 22.
272 286 439 344 Alexander,
449 286 554 337 indicio
566 285 780 352 transfugarum,
796 292 825 339 et
835 287 912 338 obie-

109 358 158 402 cta
169 352 259 403 oculis
271 353 372 418 specie,
395 354 504 420 quaein
516 353 583 403 urbe
594 359 675 420 gesta
684 352 804 406 luissent
816 354 912 422 cogni·
1008 375 1009 380 ¹

107 420 160 482 tis,
171 433 334 487 quamquam
344 422 436 472 media
446 426 538 482 nocte,
549 419 719 470 Macedonas
728 420 757 470 in
768 422 864 472 urbem
874 423 911 474 ir-

106 501 204 548 ruere,
217 492 245 538 et
254 503 323 555 quos
333 487 492 538 incendium
506 493 642 554 augentes
652 487 910 554 deprehendissent,

106 553 269 606 interficere
276 572 283 618 3
302 557 395 622 siqui
413 555 529 606 domise
549 555 739 616 continerent,
758 554 791 605 ab
813 571 911 610 eorum

107 622 199 672 caede
213 628 381 690 temperare,
402 624 489 674 iubet.
524 623 567 674 23.
585 622 663 673 Luce
677 621 779 672 oborta
796 638 875 674 arces
895 640 911 674 a

106 688 206 741 Persis
219 699 248 742 et
261 691 442 742 mercenariis
456 691 580 741 insessas
593 688 810 754 contemplatus,
830 705 912 756 quum

108 757 286 809 obsidionem
301 773 396 810 earum
409 758 489 824 longi
504 758 597 823 operis
616 755 737 807 futuram
757 758 911 822 suspicare·

107 833 164 888 tur,
175 841 266 892 neque
275 826 395 892 pretium
406 829 526 890 putaret,
539 825 630 890 capite
640 824 732 890 gentis
743 831 910 890 expugnato,

107 891 216 944 duabus
228 894 339 944 arcibus
349 893 529 953 assidentem,
535 890 635 959 agendi
647 898 755 957 tempus
765 905 815 958 per
826 892 911 943 otium

106 966 138 1012 et
147 960 278 1010 inertiam
289 966 394 1022 terere3
429 959 471 1012 24.
491 958 586 1010 urbem
597 960 686 1026 ipsam
701 959 848 1020 exscindit,
871 973 912 1008 ar-

105 1042 157 1078 ces
167 1040 248 1076 muro
260 1025 394 1092 fossaque
407 1027 603 1092 circumseptas
615 1025 806 1077 Ptolemaeum
818 1025 913 1077 obser-

104 1093 279 1156 vareiubct,
302 1109 381 1160 quem
397 1109 457 1145 cum
469 1095 558 1146 tribus
568 1095 690 1146 millibus
700 1095 912 1162 peregrinorum

104 1161 239 1223 militum,
259 1165 317 1212 ete
337 1162 440 1212 ultibus
454 1162 580 1213 ducentis
602 1162 638 1212 ad
654 1163 763 1216 Cariam
779 1161 911 1213 tuendam
977 1161 982 1172 ‘

104 1227 293 1295 relinquebat.
320 1177 347 1280 ἳε
359 1245 414 1280 uon
424 1231 510 1297 longo
521 1235 587 1297 post
595 1236 740 1297 tempore,
748 1232 837 1297 copiis
846 1245 910 1281 cum

104 1297 234 1349 Asandro
248 1295 357 1364 Lydiae
372 1304 501 1363 praetore
517 1298 686 1366 coniunctis,
708 1299 909 1350 Orontobatem

106 1365 170 1416 acie
180 1365 260 1414 vicit:
277 1371 305 1415 et
316 1365 518 1416 Macedonibus
531 1367 575 1415 ira
586 1366 738 1432 taedioque
754 1367 909 1417 diuturnio-

105 1431 147 1482 ris
159 1446 263 1492 morae,
285 1434 487 1500 oppugnationi
502 1433 605 1484 acriter
614 1433 847 1494 incumbentibus,
867 1449 909 1482 ar-

107 1501 194 1550 casin
205 1505 372 1566 potestatem
382 1501 514 1552 redactae
529 1506 601 1552 sunt
636 1500 678 1550 25.
697 1503 800 1563 Atreu,
820 1498 908 1566 Phry-

129 1567 183 1617 ‘am
203 1566 432 1633 continentesque
452 1569 609 1634 provincias
623 1569 715 1619 animo
737 1568 909 1634 complexus,

131 1633 321 1694 armenioncm
336 1651 398 1685 cum
413 1637 566 1686 amicorum
578 1637 686 1696 turmis,
707 1642 735 1687 et
754 1635 909 1686 auxiliariis

107 1701 264 1770 equitibus,
283 1700 497 1768 Thessaliaque,
517 1703 616 1767 quibus
630 1701 788 1752 Alexander
801 1702 910 1766 Lynce-
1008 1759 1009 1762 Ἴ

107 1776 167 1822 stes
177 1775 315 1836 praeerat,
327 1768 430 1821 Sardes
440 1769 535 1829 mittit,
550 1773 580 1817 ut
594 1767 658 1817 inde
671 1769 700 1817 in
712 1767 864 1833 Phrygiam
874 1767 909 1817 ir·

105 1842 391 1904 rueret,venturoque
402 1835 538 1887 exercitui
548 1840 730 1885 commeatum
742 1841 770 1884 et
779 1833 911 1900 pabulum

108 1919 145 1958 ex
154 1901 264 1956 hostico
274 1909 395 1972 pararet.
431 1903 505 1954 Data
515 1901 550 1954 ad
564 1900 618 1953 boo
633 1901 768 1968 plaustra,
790 1915 861 1968 quac
875 1903 915 1952 sis

104 1970 168 2024 mul
177 1971 352 2023 ducerentur.
387 1971 430 2022 26.
452 1971 541 2031 Quum
552 1970 766 2021 deindcmultos
777 1968 910 2021 Macedo-

103 2053 183 2102 num,
192 2039 287 2106 paullo
296 2046 360 2090 ante
372 2055 433 2091 eam
444 2039 650 2106 expeditionem
661 2039 753 2090 ductis
763 2037 908 2097 uxoribus,

104 2106 277 2160 desiderium
298 2121 391 2159 earum
416 2108 596 2172 impatienter
616 2105 691 2156 ferre
715 2104 909 2172 cognovisset;

100 2173 298 2228 Ptolemaeum
323 2174 435 2226 Seleuci
456 2174 543 2225 filium
562 2173 688 2240 corporis
709 2171 854 2223 custodem
874 2172 909 2222 iis

123 2241 253 2304 raefecit,
264 2243 430 2310 domumque
442 2241 580 2294 deducere
591 2242 682 2302 iussit,
703 2255 765 2298 cum
774 2239 908 2290 uxoribus

101 2259 314 2362 Ribematuros.
351 2309 415 2360 Duo
426 2324 536 2377 quoque
548 2323 584 2360 cx
599 2307 726 2369 ducibus,
747 2306 857 2358 Coenos
868 2315 908 2358 at-

104 2391 164 2446 que
174 2377 326 2446 Meleager,
342 2378 377 2429 ob
390 2378 505 2429 eandem
518 2391 628 2428 causam
642 2389 697 2426 una
706 2371 826 2441 proiecti
837 2381 908 2426 sunt

100 2447 149 2499 27.
161 2443 193 2496 ld
202 2447 264 2514 regi
274 2460 391 2513 magnae
402 2445 474 2512 apud
484 2445 588 2495 milites
599 2441 834 2494 commendationi
844 2441 908 2502 luit,

99 2513 331 2583 promtioresque
348 2513 450 2564 deinde
464 2527 513 2564 eos
532 2512 567 2562 ad
580 2510 760 2578 longinquam
780 2511 908 2561 militium
1008 2545 1009 2548 ,

100 2579 239 2644 reddidit,
258 2597 341 2650 quum
356 2581 399 2632 sui
411 2580 547 2632 rationem
558 2577 681 2630 habitam
690 2578 826 2639 viderent,
847 2589 908 2639 spe-

99 2656 266 2718 rarentque,
287 2649 419 2716 deinceps
435 2648 519 2700 etiem
529 2646 564 2699 ad
573 2661 640 2700 suos
650 2646 781 2698 visendos
792 2639 909 2696 subinde
