<?xml version="1.0" encoding="UTF-8"?>
<!DOCTYPE html PUBLIC "-//W3C//DTD XHTML 1.0 Transitional//EN"
    "http://www.w3.org/TR/xhtml1/DTD/xhtml1-transitional.dtd">
<html xmlns="http://www.w3.org/1999/xhtml" xml:lang="en" lang="en">
 <head>
  <title>
</title>
<meta http-equiv="Content-Type" content="text/html;charset=utf-8" />
  <meta name='ocr-system' content='tesseract 3.04.00' />
  <meta name='ocr-capabilities' content='ocr_page ocr_carea ocr_par ocr_line ocrx_word'/>
</head>
<body>
  <div class='ocr_page' id='page_1' title='image "./qcurtiirufidere00johagoog_0252.png"; bbox 0 0 2048 3034; ppageno 0'>
   <div class='ocr_carea' id='block_1_1' title="bbox 124 162 704 224">
    <p class='ocr_par' dir='ltr' id='par_1_1' title="bbox 124 162 704 224">
     <span class='ocr_line' id='line_1_1' title="bbox 124 162 704 224; baseline -0.005 -7"><span class='ocrx_word' id='word_1_1' title='bbox 124 167 174 217; x_wconf 76' lang='lat'>240</span> <span class='ocrx_word' id='word_1_2' title='bbox 340 162 511 224; x_wconf 72' lang='lat' dir='ltr'><strong>QUINTI</strong></span> <span class='ocrx_word' id='word_1_3' title='bbox 537 163 704 215; x_wconf 82' lang='lat' dir='ltr'>cURTn</span> 
     </span>
    </p>
   </div>
   <div class='ocr_carea' id='block_1_2' title="bbox 122 241 1015 468">
    <p class='ocr_par' dir='ltr' id='par_1_2' title="bbox 122 241 1015 468">
     <span class='ocr_line' id='line_1_2' title="bbox 122 241 1015 334; baseline 0 -16"><span class='ocrx_word' id='word_1_4' title='bbox 122 283 176 318; x_wconf 82' lang='lat' dir='ltr'>uno</span> <span class='ocrx_word' id='word_1_5' title='bbox 188 273 324 331; x_wconf 79' lang='lat' dir='ltr'>torqueor,</span> <span class='ocrx_word' id='word_1_6' title='bbox 346 265 425 330; x_wconf 78' lang='lat' dir='ltr'>quod,</span> <span class='ocrx_word' id='word_1_7' title='bbox 432 263 579 332; x_wconf 77' lang='lat' dir='ltr'>praecipiti</span> <span class='ocrx_word' id='word_1_8' title='bbox 586 273 729 329; x_wconf 71' lang='lat' dir='ltr'>senectute,</span> <span class='ocrx_word' id='word_1_9' title='bbox 750 263 865 334; x_wconf 72' lang='lat' dir='ltr'>disserti</span> <span class='ocrx_word' id='word_1_10' title='bbox 878 273 932 318; x_wconf 80' lang='lat' dir='ltr'>tua</span> <span class='ocrx_word' id='word_1_11' title='bbox 1014 241 1015 244; x_wconf 8' lang='grc' dir='ltr'><strong>Ἴ</strong></span> 
     </span>
     <span class='ocr_line' id='line_1_3' title="bbox 124 331 932 400; baseline -0.001 -15"><span class='ocrx_word' id='word_1_12' title='bbox 124 331 245 386; x_wconf 77' lang='lat' dir='ltr'>bonitate</span> <span class='ocrx_word' id='word_1_13' title='bbox 256 333 311 382; x_wconf 82' lang='lat' dir='ltr'>nco</span> <span class='ocrx_word' id='word_1_14' title='bbox 320 347 438 399; x_wconf 74' lang='lat' dir='ltr'>portato.</span> <span class='ocrx_word' id='word_1_15' title='bbox 473 332 689 399; x_wconf 81' lang='lat' dir='ltr'><strong>Nonagesimum</strong></span> <span class='ocrx_word' id='word_1_16' title='bbox 704 340 733 384; x_wconf 91' lang='lat' dir='ltr'>et</span> <span class='ocrx_word' id='word_1_17' title='bbox 742 333 866 400; x_wconf 90' lang='lat' dir='ltr'>quintum</span> <span class='ocrx_word' id='word_1_18' title='bbox 878 349 932 384; x_wconf 89' lang='lat' dir='ltr'>an·</span> 
     </span>
     <span class='ocr_line' id='line_1_4' title="bbox 122 398 931 468; baseline 0.001 -16"><span class='ocrx_word' id='word_1_19' title='bbox 122 417 186 452; x_wconf 91' lang='lat' dir='ltr'>num</span> <span class='ocrx_word' id='word_1_20' title='bbox 198 399 308 466; x_wconf 82' lang='lat' dir='ltr'>agebat.</span> <span class='ocrx_word' id='word_1_21' title='bbox 344 399 369 449; x_wconf 81' lang='lat'>4.</span> <span class='ocrx_word' id='word_1_22' title='bbox 388 398 495 450; x_wconf 86' lang='lat' dir='ltr'>Novem</span> <span class='ocrx_word' id='word_1_23' title='bbox 505 401 629 466; x_wconf 86' lang='lat' dir='ltr'>iuvenes,</span> <span class='ocrx_word' id='word_1_24' title='bbox 642 402 738 452; x_wconf 89' lang='lat' dir='ltr'>eadem</span> <span class='ocrx_word' id='word_1_25' title='bbox 748 406 838 466; x_wconf 84' lang='lat' dir='ltr'>matre</span> <span class='ocrx_word' id='word_1_26' title='bbox 849 403 931 468; x_wconf 81' lang='lat' dir='ltr'>geni-</span> 
     </span>
    </p>
   </div>
   <div class='ocr_carea' id='block_1_3' title="bbox 121 466 1014 535">
    <p class='ocr_par' dir='ltr' id='par_1_3' title="bbox 121 466 1014 535">
     <span class='ocr_line' id='line_1_5' title="bbox 121 466 1014 535; baseline -0.004 -15"><span class='ocrx_word' id='word_1_27' title='bbox 121 469 152 530; x_wconf 82' lang='lat' dir='ltr'>n&#39;,</span> <span class='ocrx_word' id='word_1_28' title='bbox 165 473 272 535; x_wconf 90' lang='lat' dir='ltr'>patrem</span> <span class='ocrx_word' id='word_1_29' title='bbox 283 466 499 518; x_wconf 81' lang='lat' dir='ltr'><strong>comitabantur:</strong></span> <span class='ocrx_word' id='word_1_30' title='bbox 520 466 735 520; x_wconf 82' lang='lat' dir='ltr'>hosArtabazus</span> <span class='ocrx_word' id='word_1_31' title='bbox 749 469 866 519; x_wconf 76' lang='lat' dir='ltr'>dextrae</span> <span class='ocrx_word' id='word_1_32' title='bbox 885 484 931 520; x_wconf 89' lang='lat' dir='ltr'>re·</span> <span class='ocrx_word' id='word_1_33' title='bbox 1013 495 1014 516; x_wconf 58' lang='lat' dir='ltr'>r</span> 
     </span>
    </p>
   </div>
   <div class='ocr_carea' id='block_1_4' title="bbox 122 534 930 604">
    <p class='ocr_par' dir='ltr' id='par_1_4' title="bbox 122 534 930 604">
     <span class='ocr_line' id='line_1_6' title="bbox 122 534 930 604; baseline 0.004 -20"><span class='ocrx_word' id='word_1_34' title='bbox 122 536 166 604; x_wconf 82' lang='lat' dir='ltr'>gis</span> <span class='ocrx_word' id='word_1_35' title='bbox 177 534 309 595; x_wconf 83' lang='lat' dir='ltr'>admovit,</span> <span class='ocrx_word' id='word_1_36' title='bbox 319 541 448 600; x_wconf 75' lang='lat' dir='ltr'>precatus</span> <span class='ocrx_word' id='word_1_37' title='bbox 460 540 556 586; x_wconf 89' lang='lat' dir='ltr'>uttam</span> <span class='ocrx_word' id='word_1_38' title='bbox 568 536 615 587; x_wconf 91' lang='lat' dir='ltr'>diu</span> <span class='ocrx_word' id='word_1_39' title='bbox 624 536 759 598; x_wconf 82' lang='lat' dir='ltr'>virerent,</span> <span class='ocrx_word' id='word_1_40' title='bbox 771 535 863 587; x_wconf 89' lang='lat' dir='ltr'>donec</span> <span class='ocrx_word' id='word_1_41' title='bbox 873 538 930 587; x_wconf 91' lang='lat' dir='ltr'>uti·</span> 
     </span>
    </p>
   </div>
   <div class='ocr_carea' id='block_1_5' title="bbox 120 601 1014 672">
    <p class='ocr_par' dir='ltr' id='par_1_5' title="bbox 120 601 1014 672">
     <span class='ocr_line' id='line_1_7' title="bbox 120 601 1014 672; baseline 0.001 -18"><span class='ocrx_word' id='word_1_42' title='bbox 120 604 163 654; x_wconf 89' lang='lat' dir='ltr'>les</span> <span class='ocrx_word' id='word_1_43' title='bbox 174 601 332 654; x_wconf 79' lang='lat' dir='ltr'>Alexandro</span> <span class='ocrx_word' id='word_1_44' title='bbox 344 607 446 654; x_wconf 83' lang='lat' dir='ltr'>essent.</span> <span class='ocrx_word' id='word_1_45' title='bbox 464 603 488 652; x_wconf 86' lang='lat'>5.</span> <span class='ocrx_word' id='word_1_46' title='bbox 501 602 560 656; x_wconf 85' lang='lat' dir='ltr'>Rex</span> <span class='ocrx_word' id='word_1_47' title='bbox 569 603 686 669; x_wconf 89' lang='lat' dir='ltr'>pedibus</span> <span class='ocrx_word' id='word_1_48' title='bbox 696 603 752 654; x_wconf 84' lang='lat' dir='ltr'>iter</span> <span class='ocrx_word' id='word_1_49' title='bbox 761 603 931 672; x_wconf 87' lang='lat' dir='ltr'>plerumque</span> <span class='ocrx_word' id='word_1_50' title='bbox 1013 661 1014 664; x_wconf 8' lang='grc' dir='ltr'><strong>Ἴ</strong></span> 
     </span>
    </p>
   </div>
   <div class='ocr_carea' id='block_1_6' title="bbox 119 669 930 1684">
    <p class='ocr_par' dir='ltr' id='par_1_6' title="bbox 119 669 930 1684">
     <span class='ocr_line' id='line_1_8' title="bbox 120 669 930 738; baseline 0.001 -17"><span class='ocrx_word' id='word_1_51' title='bbox 120 670 254 722; x_wconf 79' lang='lat' dir='ltr'>faciebat:</span> <span class='ocrx_word' id='word_1_52' title='bbox 274 674 341 721; x_wconf 88' lang='lat' dir='ltr'>tune</span> <span class='ocrx_word' id='word_1_53' title='bbox 354 669 495 720; x_wconf 82' lang='lat' dir='ltr'>admoveri</span> <span class='ocrx_word' id='word_1_54' title='bbox 509 669 564 721; x_wconf 87' lang='lat' dir='ltr'>sibi</span> <span class='ocrx_word' id='word_1_55' title='bbox 579 677 608 721; x_wconf 91' lang='lat' dir='ltr'>et</span> <span class='ocrx_word' id='word_1_56' title='bbox 616 672 754 722; x_wconf 79' lang='lat' dir='ltr'>Artabazo</span> <span class='ocrx_word' id='word_1_57' title='bbox 770 684 859 738; x_wconf 88' lang='lat' dir='ltr'>equos</span> <span class='ocrx_word' id='word_1_58' title='bbox 871 673 930 722; x_wconf 89' lang='lat' dir='ltr'>ius-</span> 
     </span>
     <span class='ocr_line' id='line_1_9' title="bbox 121 737 930 806; baseline -0.001 -17"><span class='ocrx_word' id='word_1_59' title='bbox 121 739 172 802; x_wconf 84' lang='lat' dir='ltr'>sit3</span> <span class='ocrx_word' id='word_1_60' title='bbox 191 752 226 788; x_wconf 90' lang='lat' dir='ltr'>ne</span> <span class='ocrx_word' id='word_1_61' title='bbox 240 737 302 803; x_wconf 89' lang='lat' dir='ltr'>ipsc</span> <span class='ocrx_word' id='word_1_62' title='bbox 318 737 345 787; x_wconf 91' lang='lat' dir='ltr'>in</span> <span class='ocrx_word' id='word_1_63' title='bbox 368 737 493 788; x_wconf 89' lang='lat' dir='ltr'>rediente</span> <span class='ocrx_word' id='word_1_64' title='bbox 512 738 641 806; x_wconf 91' lang='lat' dir='ltr'>pedibus,</span> <span class='ocrx_word' id='word_1_65' title='bbox 663 753 749 789; x_wconf 81' lang='lat' dir='ltr'>senex</span> <span class='ocrx_word' id='word_1_66' title='bbox 769 753 842 805; x_wconf 89' lang='lat' dir='ltr'>equo</span> <span class='ocrx_word' id='word_1_67' title='bbox 861 737 930 789; x_wconf 74' lang='lat' dir='ltr'>velli</span> 
     </span>
     <span class='ocr_line' id='line_1_10' title="bbox 122 752 929 873; baseline 0 -17"><span class='ocrx_word' id='word_1_68' title='bbox 122 805 310 856; x_wconf 78' lang='lat' dir='ltr'>erubesceret.</span> <span class='ocrx_word' id='word_1_69' title='bbox 345 752 370 855; x_wconf 59' lang='grc' dir='ltr'><strong><em>ξ</em></strong></span> <span class='ocrx_word' id='word_1_70' title='bbox 389 803 498 856; x_wconf 85' lang='lat' dir='ltr'>Deinde</span> <span class='ocrx_word' id='word_1_71' title='bbox 508 812 640 856; x_wconf 87' lang='lat' dir='ltr'>utcastra</span> <span class='ocrx_word' id='word_1_72' title='bbox 651 811 716 856; x_wconf 92' lang='lat' dir='ltr'>sunt</span> <span class='ocrx_word' id='word_1_73' title='bbox 724 808 826 873; x_wconf 90' lang='lat' dir='ltr'>posita,</span> <span class='ocrx_word' id='word_1_74' title='bbox 839 805 929 857; x_wconf 83' lang='lat' dir='ltr'>Grae·</span> 
     </span>
     <span class='ocr_line' id='line_1_11' title="bbox 121 871 930 940; baseline 0 -17"><span class='ocrx_word' id='word_1_75' title='bbox 121 888 185 936; x_wconf 87' lang='lat' dir='ltr'>cos,</span> <span class='ocrx_word' id='word_1_76' title='bbox 197 888 267 940; x_wconf 87' lang='lat' dir='ltr'>quos</span> <span class='ocrx_word' id='word_1_77' title='bbox 277 871 431 922; x_wconf 79' lang='lat' dir='ltr'>Artabazus</span> <span class='ocrx_word' id='word_1_78' title='bbox 442 873 608 935; x_wconf 84' lang='lat' dir='ltr'>adduxerat,</span> <span class='ocrx_word' id='word_1_79' title='bbox 623 874 773 924; x_wconf 88' lang='lat' dir='ltr'>convocari</span> <span class='ocrx_word' id='word_1_80' title='bbox 784 873 877 930; x_wconf 73' lang='lat' dir='ltr'>iubete</span> <span class='ocrx_word' id='word_1_81' title='bbox 900 880 930 924; x_wconf 87' lang='lat' dir='ltr'>at</span> 
     </span>
     <span class='ocr_line' id='line_1_12' title="bbox 120 938 927 1008; baseline 0.004 -18"><span class='ocrx_word' id='word_1_82' title='bbox 120 941 177 1002; x_wconf 90' lang='lat' dir='ltr'>illi,</span> <span class='ocrx_word' id='word_1_83' title='bbox 209 939 261 990; x_wconf 90' lang='lat' dir='ltr'>nisi</span> <span class='ocrx_word' id='word_1_84' title='bbox 283 938 515 991; x_wconf 83' lang='lat' dir='ltr'>Lacedaemoniis</span> <span class='ocrx_word' id='word_1_85' title='bbox 539 956 649 1008; x_wconf 89' lang='lat' dir='ltr'>quoque</span> <span class='ocrx_word' id='word_1_86' title='bbox 673 949 701 991; x_wconf 90' lang='lat' dir='ltr'>et</span> <span class='ocrx_word' id='word_1_87' title='bbox 721 939 927 1006; x_wconf 81' lang='lat' dir='ltr'>Sinopensibus</span> 
     </span>
     <span class='ocr_line' id='line_1_13' title="bbox 121 1007 927 1076; baseline 0.002 -18"><span class='ocrx_word' id='word_1_88' title='bbox 121 1009 192 1058; x_wconf 87' lang='lat' dir='ltr'>fides</span> <span class='ocrx_word' id='word_1_89' title='bbox 202 1007 325 1068; x_wconf 86' lang='lat' dir='ltr'>daretur,</span> <span class='ocrx_word' id='word_1_90' title='bbox 335 1007 514 1074; x_wconf 84' lang='lat' dir='ltr'>respondent,</span> <span class='ocrx_word' id='word_1_91' title='bbox 526 1023 566 1070; x_wconf 72' lang='lat' dir='ltr'>se,</span> <span class='ocrx_word' id='word_1_92' title='bbox 577 1009 642 1075; x_wconf 90' lang='lat' dir='ltr'>quid</span> <span class='ocrx_word' id='word_1_93' title='bbox 654 1009 791 1076; x_wconf 84' lang='lat' dir='ltr'>agendum</span> <span class='ocrx_word' id='word_1_94' title='bbox 802 1010 873 1076; x_wconf 83' lang='lat' dir='ltr'>ipsis</span> <span class='ocrx_word' id='word_1_95' title='bbox 885 1011 927 1059; x_wconf 82' lang='lat' dir='ltr'>ic-</span> 
     </span>
     <span class='ocr_line' id='line_1_14' title="bbox 119 1074 926 1142; baseline 0.002 -16"><span class='ocrx_word' id='word_1_96' title='bbox 119 1081 176 1136; x_wconf 90' lang='lat' dir='ltr'>ret,</span> <span class='ocrx_word' id='word_1_97' title='bbox 192 1074 406 1125; x_wconf 85' lang='lat' dir='ltr'>deliberaturos.</span> <span class='ocrx_word' id='word_1_98' title='bbox 441 1076 466 1124; x_wconf 89' lang='lat'>7.</span> <span class='ocrx_word' id='word_1_99' title='bbox 485 1075 587 1142; x_wconf 85' lang='lat' dir='ltr'>Legati</span> <span class='ocrx_word' id='word_1_100' title='bbox 598 1076 926 1128; x_wconf 86' lang='lat' dir='ltr'>erantLacedaemonio-</span> 
     </span>
     <span class='ocr_line' id='line_1_15' title="bbox 120 1140 926 1209; baseline 0.004 -17"><span class='ocrx_word' id='word_1_101' title='bbox 120 1157 181 1192; x_wconf 91' lang='lat' dir='ltr'>rum</span> <span class='ocrx_word' id='word_1_102' title='bbox 199 1140 278 1190; x_wconf 87' lang='lat' dir='ltr'>missi</span> <span class='ocrx_word' id='word_1_103' title='bbox 297 1140 331 1190; x_wconf 87' lang='lat' dir='ltr'>ad</span> <span class='ocrx_word' id='word_1_104' title='bbox 346 1140 471 1204; x_wconf 88' lang='lat' dir='ltr'>Darium,</span> <span class='ocrx_word' id='word_1_105' title='bbox 493 1159 550 1208; x_wconf 74' lang='lat' dir='ltr'>quo.</span> <span class='ocrx_word' id='word_1_106' title='bbox 567 1144 650 1205; x_wconf 89' lang='lat' dir='ltr'>victo,</span> <span class='ocrx_word' id='word_1_107' title='bbox 672 1144 884 1209; x_wconf 85' lang='lat' dir='ltr'>applicaverant</span> <span class='ocrx_word' id='word_1_108' title='bbox 896 1159 926 1195; x_wconf 82' lang='lat' dir='ltr'>se</span> 
     </span>
     <span class='ocr_line' id='line_1_16' title="bbox 122 1207 926 1274; baseline 0.004 -14"><span class='ocrx_word' id='word_1_109' title='bbox 122 1209 238 1260; x_wconf 80' lang='lat' dir='ltr'>Graecis</span> <span class='ocrx_word' id='word_1_110' title='bbox 249 1207 377 1274; x_wconf 87' lang='lat' dir='ltr'>mercede</span> <span class='ocrx_word' id='word_1_111' title='bbox 388 1210 461 1274; x_wconf 90' lang='lat' dir='ltr'>apud</span> <span class='ocrx_word' id='word_1_112' title='bbox 473 1209 574 1261; x_wconf 83' lang='lat' dir='ltr'>Persas</span> <span class='ocrx_word' id='word_1_113' title='bbox 584 1211 775 1263; x_wconf 84' lang='lat' dir='ltr'>militantibus.</span> <span class='ocrx_word' id='word_1_114' title='bbox 812 1211 838 1262; x_wconf 89' lang='lat'>8.</span> <span class='ocrx_word' id='word_1_115' title='bbox 859 1213 926 1272; x_wconf 77' lang='lat' dir='ltr'>lter,</span> 
     </span>
     <span class='ocr_line' id='line_1_17' title="bbox 121 1275 927 1346; baseline 0.004 -20"><span class='ocrx_word' id='word_1_116' title='bbox 121 1275 232 1326; x_wconf 89' lang='lat' dir='ltr'>omissis</span> <span class='ocrx_word' id='word_1_117' title='bbox 243 1275 423 1339; x_wconf 82' lang='lat' dir='ltr'>sponsionum</span> <span class='ocrx_word' id='word_1_118' title='bbox 437 1276 558 1342; x_wconf 86' lang='lat' dir='ltr'>fideique</span> <span class='ocrx_word' id='word_1_119' title='bbox 570 1279 748 1346; x_wconf 82' lang='lat' dir='ltr'>pignoribus,</span> <span class='ocrx_word' id='word_1_120' title='bbox 767 1280 865 1330; x_wconf 88' lang='lat' dir='ltr'>venire</span> <span class='ocrx_word' id='word_1_121' title='bbox 876 1295 927 1332; x_wconf 88' lang='lat' dir='ltr'>eos</span> 
     </span>
     <span class='ocr_line' id='line_1_18' title="bbox 120 1338 926 1411; baseline 0.006 -20"><span class='ocrx_word' id='word_1_122' title='bbox 120 1340 215 1403; x_wconf 85' lang='lat' dir='ltr'>iussit,</span> <span class='ocrx_word' id='word_1_123' title='bbox 239 1338 394 1404; x_wconf 74' lang='lat' dir='ltr'>fortunam,</span> <span class='ocrx_word' id='word_1_124' title='bbox 419 1358 499 1409; x_wconf 90' lang='lat' dir='ltr'>quam</span> <span class='ocrx_word' id='word_1_125' title='bbox 518 1345 579 1411; x_wconf 91' lang='lat' dir='ltr'>ipse</span> <span class='ocrx_word' id='word_1_126' title='bbox 600 1346 737 1408; x_wconf 87' lang='lat' dir='ltr'>dedisset,</span> <span class='ocrx_word' id='word_1_127' title='bbox 768 1346 926 1398; x_wconf 85' lang='lat' dir='ltr'>habituros.</span> 
     </span>
     <span class='ocr_line' id='line_1_19' title="bbox 120 1409 928 1478; baseline 0.007 -19"><span class='ocrx_word' id='word_1_128' title='bbox 120 1409 177 1459; x_wconf 91' lang='lat' dir='ltr'>Diu</span> <span class='ocrx_word' id='word_1_129' title='bbox 188 1415 360 1471; x_wconf 87' lang='lat' dir='ltr'>cunctantes,</span> <span class='ocrx_word' id='word_1_130' title='bbox 383 1411 524 1478; x_wconf 90' lang='lat' dir='ltr'>plerisque</span> <span class='ocrx_word' id='word_1_131' title='bbox 535 1415 654 1465; x_wconf 85' lang='lat' dir='ltr'>consilia</span> <span class='ocrx_word' id='word_1_132' title='bbox 664 1415 847 1477; x_wconf 87' lang='lat' dir='ltr'>variantibus,</span> <span class='ocrx_word' id='word_1_133' title='bbox 868 1421 928 1465; x_wconf 89' lang='lat' dir='ltr'>tan·</span> 
     </span>
     <span class='ocr_line' id='line_1_20' title="bbox 122 1477 927 1546; baseline 0.007 -20"><span class='ocrx_word' id='word_1_134' title='bbox 122 1477 184 1527; x_wconf 91' lang='lat' dir='ltr'>dem</span> <span class='ocrx_word' id='word_1_135' title='bbox 212 1482 345 1528; x_wconf 86' lang='lat' dir='ltr'>venturos</span> <span class='ocrx_word' id='word_1_136' title='bbox 368 1493 398 1530; x_wconf 91' lang='lat' dir='ltr'>se</span> <span class='ocrx_word' id='word_1_137' title='bbox 426 1480 602 1546; x_wconf 84' lang='lat' dir='ltr'>pollicentur.</span> <span class='ocrx_word' id='word_1_138' title='bbox 638 1481 662 1533; x_wconf 80' lang='grc'>9.</span> <span class='ocrx_word' id='word_1_139' title='bbox 681 1485 717 1534; x_wconf 77' lang='lat' dir='ltr'>At</span> <span class='ocrx_word' id='word_1_140' title='bbox 741 1482 927 1534; x_wconf 84' lang='lat' dir='ltr'>Democrates</span> 
     </span>
     <span class='ocr_line' id='line_1_21' title="bbox 120 1542 928 1617; baseline 0.006 -22"><span class='ocrx_word' id='word_1_141' title='bbox 120 1542 307 1606; x_wconf 83' lang='lat' dir='ltr'>Atheniensis,</span> <span class='ocrx_word' id='word_1_142' title='bbox 321 1546 368 1613; x_wconf 87' lang='lat' dir='ltr'>qui</span> <span class='ocrx_word' id='word_1_143' title='bbox 379 1549 497 1598; x_wconf 84' lang='lat' dir='ltr'>maxime</span> <span class='ocrx_word' id='word_1_144' title='bbox 509 1549 693 1616; x_wconf 85' lang='lat' dir='ltr'>Macedonum</span> <span class='ocrx_word' id='word_1_145' title='bbox 706 1550 805 1615; x_wconf 89' lang='lat' dir='ltr'>opibus</span> <span class='ocrx_word' id='word_1_146' title='bbox 816 1565 928 1617; x_wconf 85' lang='lat' dir='ltr'>semper</span> 
     </span>
     <span class='ocr_line' id='line_1_22' title="bbox 122 1612 927 1684; baseline 0.009 -23"><span class='ocrx_word' id='word_1_147' title='bbox 122 1612 280 1674; x_wconf 89' lang='lat' dir='ltr'>obstiterat,</span> <span class='ocrx_word' id='word_1_148' title='bbox 293 1615 373 1664; x_wconf 86' lang='lat' dir='ltr'>venia</span> <span class='ocrx_word' id='word_1_149' title='bbox 383 1615 539 1682; x_wconf 85' lang='lat' dir='ltr'>desperata,</span> <span class='ocrx_word' id='word_1_150' title='bbox 550 1617 644 1684; x_wconf 83' lang='lat' dir='ltr'>gladio</span> <span class='ocrx_word' id='word_1_151' title='bbox 657 1632 687 1667; x_wconf 90' lang='lat' dir='ltr'>se</span> <span class='ocrx_word' id='word_1_152' title='bbox 698 1619 846 1684; x_wconf 83' lang='lat' dir='ltr'>transfigit.</span> <span class='ocrx_word' id='word_1_153' title='bbox 878 1619 927 1668; x_wconf 85' lang='lat' dir='ltr'>Ge·</span> 
     </span>
    </p>
   </div>
   <div class='ocr_carea' id='block_1_7' title="bbox 122 1681 1017 1751">
    <p class='ocr_par' dir='ltr' id='par_1_7' title="bbox 122 1681 1017 1751">
     <span class='ocr_line' id='line_1_23' title="bbox 122 1681 1017 1751; baseline 0.007 -20"><span class='ocrx_word' id='word_1_154' title='bbox 122 1681 184 1743; x_wconf 88' lang='lat' dir='ltr'>teri,</span> <span class='ocrx_word' id='word_1_155' title='bbox 204 1681 277 1732; x_wconf 90' lang='lat' dir='ltr'>sicut</span> <span class='ocrx_word' id='word_1_156' title='bbox 290 1683 502 1746; x_wconf 88' lang='lat' dir='ltr'>constituerant,</span> <span class='ocrx_word' id='word_1_157' title='bbox 525 1684 625 1736; x_wconf 91' lang='lat' dir='ltr'>ditioni</span> <span class='ocrx_word' id='word_1_158' title='bbox 637 1685 785 1736; x_wconf 79' lang='lat' dir='ltr'>Alexandri</span> <span class='ocrx_word' id='word_1_159' title='bbox 802 1700 834 1736; x_wconf 86' lang='lat' dir='ltr'>se</span> <span class='ocrx_word' id='word_1_160' title='bbox 848 1687 927 1751; x_wconf 91' lang='lat' dir='ltr'>ipsos</span> <span class='ocrx_word' id='word_1_161' title='bbox 1016 1723 1017 1726; x_wconf 66' lang='lat'>,</span> 
     </span>
    </p>
   </div>
   <div class='ocr_carea' id='block_1_8' title="bbox 66 1750 932 2766">
    <p class='ocr_par' dir='ltr' id='par_1_8' title="bbox 121 1750 927 1887">
     <span class='ocr_line' id='line_1_24' title="bbox 121 1750 927 1820; baseline 0.005 -21"><span class='ocrx_word' id='word_1_162' title='bbox 121 1750 294 1815; x_wconf 90' lang='lat' dir='ltr'>permittunt.</span> <span class='ocrx_word' id='word_1_163' title='bbox 319 1753 358 1802; x_wconf 87' lang='lat'>10.</span> <span class='ocrx_word' id='word_1_164' title='bbox 372 1751 449 1802; x_wconf 87' lang='lat' dir='ltr'>Mille</span> <span class='ocrx_word' id='word_1_165' title='bbox 460 1751 523 1802; x_wconf 86' lang='lat' dir='ltr'>etD</span> <span class='ocrx_word' id='word_1_166' title='bbox 533 1753 737 1804; x_wconf 76' lang='lat' dir='ltr'>militeserantr</span> <span class='ocrx_word' id='word_1_167' title='bbox 751 1751 927 1820; x_wconf 73' lang='lat' dir='ltr'>praeteritos</span> 
     </span>
     <span class='ocr_line' id='line_1_25' title="bbox 121 1817 927 1887; baseline 0.002 -19"><span class='ocrx_word' id='word_1_168' title='bbox 121 1818 209 1884; x_wconf 87' lang='lat' dir='ltr'>legati</span> <span class='ocrx_word' id='word_1_169' title='bbox 220 1819 254 1870; x_wconf 87' lang='lat' dir='ltr'>ad</span> <span class='ocrx_word' id='word_1_170' title='bbox 271 1817 386 1886; x_wconf 88' lang='lat' dir='ltr'>Darium</span> <span class='ocrx_word' id='word_1_171' title='bbox 398 1820 475 1872; x_wconf 90' lang='lat' dir='ltr'>missi</span> <span class='ocrx_word' id='word_1_172' title='bbox 492 1819 550 1870; x_wconf 85' lang='lat' dir='ltr'>XC.</span> <span class='ocrx_word' id='word_1_173' title='bbox 586 1821 615 1871; x_wconf 88' lang='lat' dir='ltr'>ln</span> <span class='ocrx_word' id='word_1_174' title='bbox 631 1820 853 1887; x_wconf 89' lang='lat' dir='ltr'>supplementum</span> <span class='ocrx_word' id='word_1_175' title='bbox 870 1822 927 1871; x_wconf 89' lang='lat' dir='ltr'>dis-</span> 
     </span>
    </p>

    <p class='ocr_par' dir='ltr' id='par_1_9' title="bbox 66 1885 932 2766">
     <span class='ocr_line' id='line_1_26' title="bbox 121 1885 928 1954; baseline 0.001 -18"><span class='ocrx_word' id='word_1_176' title='bbox 121 1885 241 1936; x_wconf 89' lang='lat' dir='ltr'>tributus</span> <span class='ocrx_word' id='word_1_177' title='bbox 261 1886 355 1949; x_wconf 89' lang='lat' dir='ltr'>miles;</span> <span class='ocrx_word' id='word_1_178' title='bbox 376 1889 463 1938; x_wconf 89' lang='lat' dir='ltr'>ceteri</span> <span class='ocrx_word' id='word_1_179' title='bbox 477 1889 588 1938; x_wconf 88' lang='lat' dir='ltr'>remissi</span> <span class='ocrx_word' id='word_1_180' title='bbox 605 1889 724 1950; x_wconf 89' lang='lat' dir='ltr'>domum,</span> <span class='ocrx_word' id='word_1_181' title='bbox 744 1894 858 1954; x_wconf 90' lang='lat' dir='ltr'>praeter</span> <span class='ocrx_word' id='word_1_182' title='bbox 874 1888 928 1938; x_wconf 82' lang='lat' dir='ltr'>La·</span> 
     </span>
     <span class='ocr_line' id='line_1_27' title="bbox 66 1941 927 2020; baseline 0.005 -18"><span class='ocrx_word' id='word_1_183' title='bbox 66 1941 71 1963; x_wconf 81' lang='lat'><strong>¹</strong></span> <span class='ocrx_word' id='word_1_184' title='bbox 122 1953 329 2015; x_wconf 89' lang='lat' dir='ltr'>cedaemonios,</span> <span class='ocrx_word' id='word_1_185' title='bbox 350 1969 419 2020; x_wconf 88' lang='lat' dir='ltr'>quos</span> <span class='ocrx_word' id='word_1_186' title='bbox 439 1954 512 2006; x_wconf 88' lang='lat' dir='ltr'>tradi</span> <span class='ocrx_word' id='word_1_187' title='bbox 531 1955 559 2004; x_wconf 93' lang='lat' dir='ltr'>in</span> <span class='ocrx_word' id='word_1_188' title='bbox 581 1955 735 2006; x_wconf 85' lang='lat' dir='ltr'>custodiam</span> <span class='ocrx_word' id='word_1_189' title='bbox 755 1957 847 2007; x_wconf 89' lang='lat' dir='ltr'>iussit.</span> <span class='ocrx_word' id='word_1_190' title='bbox 886 1958 927 2006; x_wconf 93' lang='lat' dir='ltr'>ll.</span> 
     </span>
     <span class='ocr_line' id='line_1_28' title="bbox 120 2020 929 2091; baseline 0.005 -21"><span class='ocrx_word' id='word_1_191' title='bbox 120 2020 355 2071; x_wconf 87' lang='lat' dir='ltr'>Mardorumerat</span> <span class='ocrx_word' id='word_1_192' title='bbox 366 2035 434 2087; x_wconf 85' lang='lat' dir='ltr'>gens</span> <span class='ocrx_word' id='word_1_193' title='bbox 444 2022 561 2072; x_wconf 88' lang='lat' dir='ltr'>conlinis</span> <span class='ocrx_word' id='word_1_194' title='bbox 573 2024 741 2091; x_wconf 87' lang='lat' dir='ltr'>Hyrcaniae,</span> <span class='ocrx_word' id='word_1_195' title='bbox 764 2024 840 2074; x_wconf 89' lang='lat' dir='ltr'>cultu</span> <span class='ocrx_word' id='word_1_196' title='bbox 851 2024 929 2074; x_wconf 82' lang='lat' dir='ltr'>ritae</span> 
     </span>
     <span class='ocr_line' id='line_1_29' title="bbox 122 2086 929 2158; baseline 0.002 -20"><span class='ocrx_word' id='word_1_197' title='bbox 122 2101 230 2154; x_wconf 88' lang='lat' dir='ltr'>aspera,</span> <span class='ocrx_word' id='word_1_198' title='bbox 251 2093 280 2136; x_wconf 89' lang='lat' dir='ltr'>et</span> <span class='ocrx_word' id='word_1_199' title='bbox 295 2086 451 2137; x_wconf 86' lang='lat' dir='ltr'>latrociniis</span> <span class='ocrx_word' id='word_1_200' title='bbox 465 2089 590 2140; x_wconf 85' lang='lat' dir='ltr'>adsueta.</span> <span class='ocrx_word' id='word_1_201' title='bbox 628 2093 705 2142; x_wconf 87' lang='lat' dir='ltr'>Haec</span> <span class='ocrx_word' id='word_1_202' title='bbox 716 2090 777 2142; x_wconf 88' lang='lat' dir='ltr'>sola</span> <span class='ocrx_word' id='word_1_203' title='bbox 787 2107 839 2141; x_wconf 89' lang='lat' dir='ltr'>nec</span> <span class='ocrx_word' id='word_1_204' title='bbox 851 2091 929 2158; x_wconf 86' lang='lat' dir='ltr'>lega-</span> 
     </span>
     <span class='ocr_line' id='line_1_30' title="bbox 122 2154 929 2225; baseline 0.007 -21"><span class='ocrx_word' id='word_1_205' title='bbox 122 2161 168 2204; x_wconf 87' lang='lat' dir='ltr'>tos</span> <span class='ocrx_word' id='word_1_206' title='bbox 178 2155 301 2213; x_wconf 87' lang='lat' dir='ltr'>miserat,</span> <span class='ocrx_word' id='word_1_207' title='bbox 313 2168 364 2203; x_wconf 88' lang='lat' dir='ltr'>nec</span> <span class='ocrx_word' id='word_1_208' title='bbox 375 2154 521 2206; x_wconf 88' lang='lat' dir='ltr'>videbatur</span> <span class='ocrx_word' id='word_1_209' title='bbox 530 2158 666 2224; x_wconf 90' lang='lat' dir='ltr'>imperata</span> <span class='ocrx_word' id='word_1_210' title='bbox 676 2158 791 2210; x_wconf 83' lang='lat' dir='ltr'>iactura.</span> <span class='ocrx_word' id='word_1_211' title='bbox 829 2158 929 2225; x_wconf 87' lang='lat' dir='ltr'>ltaque</span> 
     </span>
     <span class='ocr_line' id='line_1_31' title="bbox 121 2222 931 2293; baseline 0.007 -23"><span class='ocrx_word' id='word_1_212' title='bbox 121 2236 172 2271; x_wconf 88' lang='lat' dir='ltr'>rex</span> <span class='ocrx_word' id='word_1_213' title='bbox 182 2222 352 2287; x_wconf 86' lang='lat' dir='ltr'>indignatus,</span> <span class='ocrx_word' id='word_1_214' title='bbox 374 2223 397 2271; x_wconf 91' lang='lat' dir='ltr'>si</span> <span class='ocrx_word' id='word_1_215' title='bbox 409 2237 463 2272; x_wconf 89' lang='lat' dir='ltr'>nna</span> <span class='ocrx_word' id='word_1_216' title='bbox 473 2239 542 2290; x_wconf 79' lang='lat' dir='ltr'>gens</span> <span class='ocrx_word' id='word_1_217' title='bbox 555 2234 650 2293; x_wconf 90' lang='lat' dir='ltr'>posset</span> <span class='ocrx_word' id='word_1_218' title='bbox 667 2228 788 2288; x_wconf 83' lang='lat' dir='ltr'>efficere,</span> <span class='ocrx_word' id='word_1_219' title='bbox 809 2241 843 2277; x_wconf 90' lang='lat' dir='ltr'>ne</span> <span class='ocrx_word' id='word_1_220' title='bbox 858 2227 931 2277; x_wconf 84' lang='lat' dir='ltr'>invi·</span> 
     </span>
     <span class='ocr_line' id='line_1_32' title="bbox 123 2288 931 2361; baseline 0.009 -24"><span class='ocrx_word' id='word_1_221' title='bbox 123 2295 184 2338; x_wconf 85' lang='lat' dir='ltr'>ctus</span> <span class='ocrx_word' id='word_1_222' title='bbox 196 2297 280 2350; x_wconf 87' lang='lat' dir='ltr'>esset,</span> <span class='ocrx_word' id='word_1_223' title='bbox 300 2288 505 2354; x_wconf 86' lang='lat' dir='ltr'>impedimentis</span> <span class='ocrx_word' id='word_1_224' title='bbox 518 2309 578 2344; x_wconf 86' lang='lat' dir='ltr'>cum</span> <span class='ocrx_word' id='word_1_225' title='bbox 594 2296 735 2361; x_wconf 89' lang='lat' dir='ltr'>praesidio</span> <span class='ocrx_word' id='word_1_226' title='bbox 749 2295 868 2356; x_wconf 89' lang='lat' dir='ltr'>relictis,</span> <span class='ocrx_word' id='word_1_227' title='bbox 888 2295 931 2344; x_wconf 90' lang='lat' dir='ltr'>in·</span> 
     </span>
     <span class='ocr_line' id='line_1_33' title="bbox 122 2356 931 2426; baseline 0.011 -23"><span class='ocrx_word' id='word_1_228' title='bbox 122 2356 197 2404; x_wconf 82' lang='lat' dir='ltr'>victa</span> <span class='ocrx_word' id='word_1_229' title='bbox 217 2371 299 2405; x_wconf 89' lang='lat' dir='ltr'>manu</span> <span class='ocrx_word' id='word_1_230' title='bbox 319 2359 468 2410; x_wconf 88' lang='lat' dir='ltr'>comitante</span> <span class='ocrx_word' id='word_1_231' title='bbox 488 2363 623 2426; x_wconf 85' lang='lat' dir='ltr'>procedit.</span> <span class='ocrx_word' id='word_1_232' title='bbox 660 2365 700 2413; x_wconf 86' lang='lat'>12.</span> <span class='ocrx_word' id='word_1_233' title='bbox 719 2363 810 2415; x_wconf 88' lang='lat' dir='ltr'>Noctu</span> <span class='ocrx_word' id='word_1_234' title='bbox 821 2364 878 2412; x_wconf 90' lang='lat' dir='ltr'>iter</span> <span class='ocrx_word' id='word_1_235' title='bbox 888 2360 931 2412; x_wconf 86' lang='lat' dir='ltr'>fe-</span> 
     </span>
     <span class='ocr_line' id='line_1_34' title="bbox 123 2425 932 2498; baseline 0.012 -28"><span class='ocrx_word' id='word_1_236' title='bbox 123 2427 209 2482; x_wconf 85' lang='lat' dir='ltr'>cerat,</span> <span class='ocrx_word' id='word_1_237' title='bbox 230 2431 258 2473; x_wconf 87' lang='lat' dir='ltr'>et</span> <span class='ocrx_word' id='word_1_238' title='bbox 274 2425 362 2489; x_wconf 88' lang='lat' dir='ltr'>prima</span> <span class='ocrx_word' id='word_1_239' title='bbox 376 2425 438 2476; x_wconf 90' lang='lat' dir='ltr'>luce</span> <span class='ocrx_word' id='word_1_240' title='bbox 455 2425 544 2479; x_wconf 87' lang='lat' dir='ltr'>hostis</span> <span class='ocrx_word' id='word_1_241' title='bbox 558 2430 586 2480; x_wconf 90' lang='lat' dir='ltr'>in</span> <span class='ocrx_word' id='word_1_242' title='bbox 603 2438 753 2498; x_wconf 88' lang='lat' dir='ltr'>conspectu</span> <span class='ocrx_word' id='word_1_243' title='bbox 766 2436 835 2481; x_wconf 89' lang='lat' dir='ltr'>erat.</span> <span class='ocrx_word' id='word_1_244' title='bbox 873 2431 932 2480; x_wconf 91' lang='lat' dir='ltr'>Tu·</span> 
     </span>
     <span class='ocr_line' id='line_1_35' title="bbox 122 2489 931 2561; baseline 0.01 -22"><span class='ocrx_word' id='word_1_245' title='bbox 122 2489 225 2540; x_wconf 90' lang='lat' dir='ltr'>multus</span> <span class='ocrx_word' id='word_1_246' title='bbox 236 2493 324 2558; x_wconf 83' lang='lat' dir='ltr'>magis</span> <span class='ocrx_word' id='word_1_247' title='bbox 337 2508 416 2560; x_wconf 87' lang='lat' dir='ltr'>quam</span> <span class='ocrx_word' id='word_1_248' title='bbox 428 2497 564 2561; x_wconf 89' lang='lat' dir='ltr'>proelium</span> <span class='ocrx_word' id='word_1_249' title='bbox 577 2497 637 2550; x_wconf 84' lang='lat' dir='ltr'>luit.</span> <span class='ocrx_word' id='word_1_250' title='bbox 666 2497 812 2549; x_wconf 86' lang='lat' dir='ltr'>Deturbati</span> <span class='ocrx_word' id='word_1_251' title='bbox 824 2511 859 2548; x_wconf 86' lang='lat' dir='ltr'>ex</span> <span class='ocrx_word' id='word_1_252' title='bbox 871 2497 931 2548; x_wconf 90' lang='lat' dir='ltr'>col·</span> 
     </span>
     <span class='ocr_line' id='line_1_36' title="bbox 121 2555 930 2633; baseline 0.009 -26"><span class='ocrx_word' id='word_1_253' title='bbox 121 2555 203 2618; x_wconf 91' lang='lat' dir='ltr'>libus,</span> <span class='ocrx_word' id='word_1_254' title='bbox 215 2574 285 2625; x_wconf 83' lang='lat' dir='ltr'>quos</span> <span class='ocrx_word' id='word_1_255' title='bbox 297 2572 509 2626; x_wconf 87' lang='lat' dir='ltr'>occupaverant,</span> <span class='ocrx_word' id='word_1_256' title='bbox 519 2565 629 2615; x_wconf 86' lang='lat' dir='ltr'>barbari</span> <span class='ocrx_word' id='word_1_257' title='bbox 641 2565 817 2633; x_wconf 80' lang='lat' dir='ltr'>confugiunt:</span> <span class='ocrx_word' id='word_1_258' title='bbox 834 2565 930 2632; x_wconf 91' lang='lat' dir='ltr'>proxi·</span> 
     </span>
     <span class='ocr_line' id='line_1_37' title="bbox 121 2626 930 2699; baseline 0.009 -24"><span class='ocrx_word' id='word_1_259' title='bbox 121 2626 213 2691; x_wconf 89' lang='lat' dir='ltr'>mique</span> <span class='ocrx_word' id='word_1_260' title='bbox 226 2627 277 2676; x_wconf 88' lang='lat' dir='ltr'>vici</span> <span class='ocrx_word' id='word_1_261' title='bbox 290 2627 323 2676; x_wconf 85' lang='lat' dir='ltr'>ab</span> <span class='ocrx_word' id='word_1_262' title='bbox 335 2629 434 2680; x_wconf 88' lang='lat' dir='ltr'>incolis</span> <span class='ocrx_word' id='word_1_263' title='bbox 446 2630 550 2681; x_wconf 85' lang='lat' dir='ltr'>deserti</span> <span class='ocrx_word' id='word_1_264' title='bbox 562 2634 713 2699; x_wconf 85' lang='lat' dir='ltr'>capiuntur.</span> <span class='ocrx_word' id='word_1_265' title='bbox 748 2633 790 2684; x_wconf 80' lang='lat' dir='ltr'>ta.</span> <span class='ocrx_word' id='word_1_266' title='bbox 809 2633 930 2683; x_wconf 88' lang='lat' dir='ltr'>lnterio-</span> 
     </span>
     <span class='ocr_line' id='line_1_38' title="bbox 121 2694 929 2766; baseline 0.012 -26"><span class='ocrx_word' id='word_1_267' title='bbox 121 2706 153 2740; x_wconf 88' lang='lat' dir='ltr'>ra</span> <span class='ocrx_word' id='word_1_268' title='bbox 162 2695 287 2759; x_wconf 86' lang='lat' dir='ltr'>regionis</span> <span class='ocrx_word' id='word_1_269' title='bbox 299 2697 358 2747; x_wconf 86' lang='lat' dir='ltr'>eius</span> <span class='ocrx_word' id='word_1_270' title='bbox 371 2694 442 2747; x_wconf 85' lang='lat' dir='ltr'>haud</span> <span class='ocrx_word' id='word_1_271' title='bbox 455 2713 521 2749; x_wconf 89' lang='lat' dir='ltr'>sane</span> <span class='ocrx_word' id='word_1_272' title='bbox 532 2699 609 2750; x_wconf 88' lang='lat' dir='ltr'>adire</span> <span class='ocrx_word' id='word_1_273' title='bbox 621 2703 680 2750; x_wconf 87' lang='lat' dir='ltr'>sine</span> <span class='ocrx_word' id='word_1_274' title='bbox 691 2716 791 2766; x_wconf 82' lang='lat' dir='ltr'>magna</span> <span class='ocrx_word' id='word_1_275' title='bbox 802 2699 929 2751; x_wconf 82' lang='lat' dir='ltr'>vexatio-</span> 
     </span>
    </p>
   </div>
   <div class='ocr_carea' id='block_1_9' title="bbox 0 0 1028 3034">
    <p class='ocr_par' dir='ltr' id='par_1_10' title="bbox 0 0 1028 3034">
     <span class='ocr_line' id='line_1_39' title="bbox 0 0 1028 3034; baseline 0 0"><span class='ocrx_word' id='word_1_276' title='bbox 0 0 1028 3034; x_wconf 95' lang='lat' dir='ltr'> </span> 
     </span>
    </p>
   </div>
  </div>
 </body>
</html>
