2082 3042
143 222 192 270 272
360 213 531 276 QUINTI
558 213 724 266 CURTll

142 319 210 369 siris
229 323 365 383 parceret.
401 317 488 367 Amici
508 328 627 382 qnoque,
649 312 714 364 data
733 312 949 366 misericordiae

145 384 303 445 occasione,
323 390 503 450 consurgunt,
523 381 677 447 flentesque
689 395 783 447 segem
796 381 950 446 deprecan-

143 459 197 502 tur.
233 451 258 500 8.
277 450 327 500 lile
339 453 452 503 silentio
463 449 553 511 iacto,
564 447 604 499 Et
612 447 680 515 ipse,
692 449 719 498 in
742 448 790 510 uit,
802 447 952 514 Arapntam

143 534 203 572 mea
212 515 343 571 sententia
346 517 505 588 fratresque
513 516 567 567 eias
577 515 692 566 absolon.
757 531 785 566 os
796 522 896 576 antem,
906 515 950 567 ia-

144 600 235 647 aenes,
246 585 314 636 malo
327 583 447 655 beneficii
456 583 508 635 mei
517 581 645 646 oblivisci,
658 597 736 648 qaam
743 580 858 650 periculi
869 582 955 634 nestri

144 651 300 705 meminisse.
327 651 435 721 Eaflde
445 651 529 703 redite
539 650 567 701 irs
575 650 697 718 gratiam
707 665 816 710 naseam,
829 665 882 716 qao
892 649 952 717 ipse

144 720 277 772 salisam
287 729 415 771 revertor.
451 719 475 770 9.
496 717 563 780 Nisi,
576 733 643 784 qaae
653 717 740 768 delata
751 725 845 778 essent,
857 733 949 769 exeas·
1028 735 1029 774 1

144 789 243 850 sissem,
263 788 337 838 valde
352 785 525 838 dissimulatio
540 801 598 836 mea
610 793 731 850 sorpseta
744 800 798 835 esse
804 784 948 850 potuisset.

67 847 69 857 '
145 855 199 907 Sed
208 855 291 906 satias
302 864 340 906 est
345 863 480 922 purgatos
490 869 552 915 esse,
565 867 643 919 qaam
654 861 796 924 suspectos.
834 850 949 919 Cogita·

145 931 179 985 te,
191 922 319 974 neminem
330 921 431 973 absolsi
436 937 522 989 posse,
534 919 587 971 alsi
598 919 644 988 qai
654 918 881 970 emeritensium.
909 923 946 970 tt.
1028 917 1029 938 ¹

147 989 199 1052 Ta,
211 990 336 1068 Amynta,
347 989 456 1056 ignosce
460 986 553 1057 fratri
563 997 618 1038 tas.
655 986 720 1038 Erit
730 985 781 1037 Isos
790 985 950 1052 simpliciter

144 1057 225 1108 etiam
235 1056 300 1106 malas
310 1056 476 1107 reconciliati
482 1054 567 1106 aninsi
575 1053 730 1121 taipignas.
768 1056 806 1104 ll.
828 1055 947 1106 concio·
1028 1095 1029 1100 ,

143 1140 179 1175 ne
191 1125 291 1175 deinde
302 1123 425 1184 dimissa,
438 1123 640 1189 Polydamanta
651 1122 744 1173 versari
755 1121 841 1172 iubet.
874 1122 947 1172 laon·
1028 1139 1029 1156 ³

144 1208 179 1259 ge
199 1191 408 1256 nocentissimus
422 1189 599 1240 Parmenioni
615 1199 684 1250 erat,
704 1189 845 1256 proximus
865 1189 948 1240 interi
1028 1205 1029 1208 ¹

143 1261 172 1309 in
184 1259 243 1308 acie
255 1265 329 1307 stare
342 1257 451 1307 solitos.
488 1259 528 1307 12.
549 1257 582 1306 Et
599 1272 762 1338 quamquam
774 1258 949 1307 conscientia

143 1324 233 1375 fretus
243 1325 270 1374 in
282 1325 386 1390 regiam
397 1330 520 1385 venerat,
533 1331 635 1384 tannen,
647 1333 676 1374 ut
687 1340 779 1375 iussus
791 1333 834 1375 est
845 1322 947 1374 iratres
1028 1379 1029 1382 Ἴ

143 1405 209 1442 suos
221 1388 363 1453 exhibere,
383 1390 529 1442 admodum
541 1393 654 1442 iuvenes
665 1400 694 1444 et
703 1393 763 1460 regi
780 1392 893 1460 ignotos
913 1392 948 1442 ob
1028 1415 1029 1458 3

143 1465 273 1519 aetatem,
293 1457 395 1510 fiducia
415 1461 443 1510 in
464 1459 683 1511 sollicitudinem
707 1475 787 1510 versa
806 1458 948 1525 trepidare
1028 1467 1029 1502 i

143 1527 244 1594 eoepit,
262 1528 373 1592 saepius
393 1542 464 1594 quoe
486 1542 587 1578 nooese
602 1535 726 1594 possent,
746 1542 826 1594 quom
847 1528 947 1594 quibus

143 1594 278 1656 eluderet,
290 1602 431 1662 reputans.
469 1596 508 1646 13.
528 1597 583 1646 lam
595 1596 740 1662 armigeri,
752 1595 851 1662 quihus
862 1597 947 1660 impe·

141 1669 231 1712 retum
243 1667 311 1724 erat,
323 1662 514 1730 produxerunt
523 1677 586 1724 θοῆς
597 1679 678 1730 quum
690 1677 859 1730 exsanguem
872 1670 947 1712 metu

142 1728 346 1797 Polydamanta
362 1731 475 1798 propius
491 1731 627 1782 secedere
640 1731 731 1794 iubet;
754 1730 946 1809 subnrotisque
1028 1741 1029 1784 i

142 1798 278 1860 omnibus,
300 1797 410 1859 Scelere,
429 1799 527 1865 inquit,
546 1796 732 1848 Parmenionis
743 1813 831 1848 ornnes
841 1807 948 1864 pantes

141 1879 158 1915 a
175 1865 255 1932 petiti
263 1881 359 1928 sum-us,
371 1865 485 1918 maxime
494 1882 544 1934 ego
556 1882 588 1917 ac
598 1875 634 1926 trs,
642 1881 706 1932 qnos
716 1864 852 1916 amicitiae
861 1864 947 1932 speeie
1028 1861 1029 1874 ¹

139 1881 248 2012 lefaldi.
286 1935 326 1983 lt.
350 1933 394 1984 Ad
415 1949 490 2011 passa
505 1933 714 2012 persequendam
729 1932 947 2012 prandendumque
1028 1945 1029 2004 ζ

142 2000 212 2062 (rade
222 2008 349 2066 quantam
381 2000 422 2049 des
432 2008 494 2050 taae
504 2001 621 2061 credam)
634 2009 659 2051 te
670 2010 790 2051 srrsnsstro
801 2008 843 2050 atr
852 2009 946 2062 statas.
1028 2053 1029 2064 γ

142 2064 260 2128 Obsides,
272 2067 332 2116 dssm
351 2082 394 2117 sor
400 2065 518 2133 peragis,
530 2077 610 2118 erant
634 2077 719 2119 ratres
730 2067 779 2118 lai.
817 2069 857 2118 15.
879 2067 945 2118 Pro·

133 2131 259 2204 fieisssre
269 2133 297 2183 in
309 2131 433 2194 Mediam,
455 2143 481 2184 et
490 2134 599 2200 adprae
615 2145 685 2186 ector
696 2151 765 2186 ntess
775 2134 869 2187 literas
880 2135 945 2186 seri·
1028 2151 1029 2162 ³

136 2210 200 2268 pras
213 2216 293 2251 saona
303 2215 361 2250 osea
367 2199 470 2268 perfer.
513 2200 658 2253 Velomtate
669 2218 733 2269 opas
747 2211 794 2264 est,
817 2219 871 2270 psa
882 2206 945 2254 sele-

140 2267 249 2318 rit'atem
253 2265 350 2334 farriae
361 2267 510 2318 antecedas.
547 2267 635 2321 Noeta
642 2269 782 2336 pervenire
792 2269 855 2322 illae
866 2279 892 2322 te
902 2287 946 2320 oo·

140 2333 185 2392 ls,·
201 2332 370 2398 postersdie,
392 2351 459 2401 pisae
470 2334 570 2402 scripta
580 2346 666 2398 erant,
688 2337 803 2404 easepas’.
845 2339 883 2390 tt.
904 2337 948 2388 Ad

140 2397 345 2451 Parmenionem
355 2417 457 2482 prsopae
468 2403 592 2470 epistolas
595 2403 690 2473 seme
700 2421 780 2455 arram
791 2417 807 2456 a
818 2421 868 2466 me,
880 2407 945 2458 alts-

140 2481 199 2518 ram
210 2466 335 2520 Plsilotae
344 2486 448 2520 nomene
456 2474 591 2538 scriptam.
628 2473 739 2536 Signiam
750 2473 845 2524 anssnls'
852 2473 909 2525 eins
918 2472 947 2524 irs

139 2551 198 2586 mea
205 2543 339 2604 potestate
350 2547 396 2589 est.
416 2537 556 2605 dispater,
565 2539 672 2591 eredens
684 2539 766 2658 apilio
777 2540 944 2608 impressam,

139 2619 220 2720 pisam
231 2613 256 2654 te
267 2604 369 2666 viderit,
381 2605 450 2658 nillil
458 2616 564 2658 irretiret.
603 2610 640 2658 Π.
661 2607 701 2657 Ρυ
714 2609 841 2674 p'dansos,
862 2617 944 2661 tanto

137 2740 275 2801 promittit
291 2755 415 2808 ope1·am;
436 2741 665 2809 collaudatusqoe
679 2751 707 2794 et
718 2745 866 2810 prontissis
878 2759 946 2798 ons·

152 2671 274 2722 rheratos
289 2682 372 2734 aneto,
393 2675 544 2739 impensius
558 2675 649 2735 etiam,
669 2691 749 2742 qinom
766 2677 944 2745 exigebatur,
1028 2689 1029 2710 ¹
