2048 3034
120 192 171 244 218
338 187 508 248 QUlNTl
536 186 705 239 cultri!

121 300 187 344 tuae
198 291 325 351 comites,
332 297 361 340 et
369 291 397 340 in
407 288 461 341 hoc
473 287 551 357 [tuo]
563 296 639 341 statu
648 289 742 350 iidem,
749 287 797 354 qui
807 285 926 338 ilorente

121 358 276 419 tefuimus3
296 372 474 424 quascunque
486 359 569 408 sedes
579 358 709 424 elegeris,
729 370 780 422 pro
796 355 886 420 patria
897 359 928 405 et
1019 397 1021 420 ,

122 426 284 478 domesticis
306 425 389 476 rebus
408 425 532 492 petituri.
569 423 714 478 Secundae
734 422 927 488 adversaeque

120 508 167 544 res
183 499 248 550 tuae
266 493 432 559 copulavere
446 508 499 542 nos
513 498 613 543 tecum.
650 489 675 542 6.
695 490 751 541 Per
761 488 832 540 hanc
843 489 929 540 iidem

121 560 252 612 invictam
264 576 313 611 oro
325 567 354 610 ct
365 560 535 622 obtestor,in
546 559 649 610 nostris
660 558 761 610 castris
771 557 824 608 tibi
835 557 929 608 taber-

122 629 250 680 naculum
265 634 369 679 statue:
388 643 440 679 nos
455 628 582 693 corporis
595 627 636 677 tui
651 625 783 676 custodes
797 639 861 676 esse
880 637 929 691 pa-

121 696 211 748 tiaris.
232 695 380 746 Amisimus
391 694 546 757 Graeciam,
557 693 635 744 nulla
644 693 747 746 Bactra
756 698 821 742 sunt
830 691 929 743 nobis:

122 778 186 830 spes
203 765 292 815 omnis
307 763 336 813 in
350 770 387 825 te,
407 763 511 814 utinam
525 769 554 812 et
567 762 595 812 in
606 761 709 812 ceteris
719 765 805 811 esset.
841 757 931 812 Plura

62 882 65 888 ,
122 831 244 885 dicinon
257 832 367 882 attinet.
402 829 567 882 Custodiam
584 829 710 896 corporis
732 828 775 878 tui
795 834 930 879 externus

123 906 151 950 et
170 898 328 964 alienigena
346 911 401 948 non
424 898 613 963 deposcerem,
633 897 658 946 si
676 895 820 946 crederem
842 894 931 946 alium

121 980 208 1032 posse
217 967 391 1033 praestare.“
417 965 444 1014 i.
454 965 566 1026 Bessus,
578 978 741 1032 quamquam
753 969 814 1014 erat
825 961 931 1014 Graeci

123 1034 261 1084 sermonis
278 1033 285 1081 i
309 1047 405 1092 narus,
426 1037 518 1082 tamen
532 1032 691 1083 stimulante
702 1031 879 1081 conscientia
889 1031 931 1081 in-

123 1101 225 1152 dicium
236 1047 364 1163 profecto
375 1098 524 1150 Patronem
536 1099 671 1150 detulisse
683 1098 827 1150 credebam
849 1105 880 1150 et
888 1100 930 1150 in·

121 1167 254 1232 terpretis
274 1164 375 1216 Graeci
399 1166 489 1218 relato
510 1180 638 1217 sermone
659 1172 769 1218 exemia
789 1165 930 1216 dubitatio

124 1240 175 1284 est.
210 1233 235 1282 8.
257 1231 360 1283 Darius
385 1240 490 1294 autem,
514 1239 645 1300 quantum
666 1249 701 1285 ex
719 1233 797 1284 vult'u
817 1233 931 1300 concipi

122 1305 247 1368 potarat,
259 1297 332 1350 haud
342 1315 410 1351 sane
420 1301 544 1362 territus,
561 1302 720 1368 percontari
731 1300 855 1351 Patrona
865 1316 932 1351 cau·

62 1393 66 1398 ·
124 1381 182 1418 sam
205 1367 325 1430 consilii,
346 1368 421 1434 quod
441 1366 564 1428 afferret,
585 1371 687 1436 coepit.
723 1368 773 1419 lllc
789 1383 844 1419 non
856 1368 933 1420 ultra

124 1432 307 1485 differendum
319 1443 407 1487 ratus:
419 1435 655 1502 „Bessus‚inquit,
663 1435 881 1488 etNabarzanes
891 1437 931 1488 in·

125 1499 263 1553 sidiantur
277 1502 341 1564 tibi,
361 1505 390 1554 in
401 1503 499 1555 ultimo
511 1503 671 1555 discrimine
684 1510 712 1555 et
722 1503 854 1555 fortunae
864 1511 931 1558 tuae

125 1577 155 1619 et
165 1569 247 1621 ritae.
283 1571 338 1621 llic
349 1571 410 1621 dies
420 1577 468 1622 aut
478 1572 635 1640 parricidis,
648 1577 695 1622 aut
705 1572 755 1622 tibi
767 1569 879 1622 futurus
891 1572 932 1622 ul·

125 1640 239 1689 timus.“
265 1637 290 1688 9.
309 1639 345 1689 Et
356 1638 459 1690 Patron
480 1639 590 1706 quidem
611 1640 754 1706 egregiam
769 1640 932 1690 conservati
1019 1681 1020 1684 η

125 1706 201 1774 regis
212 1705 331 1773 gloriam
342 1707 453 1758 tulerat.
473 1709 513 1758 1⁰.
527 1707 647 1758 Eludant
655 1706 731 1769 licet,
743 1705 844 1773 quibus
855 1705 931 1758 lor-te

125 1789 158 1826 ac
176 1780 284 1825 temere
299 1773 418 1826 huniana
432 1775 547 1844 negotia
562 1775 638 1826 volvi
652 1775 753 1841 agique
766 1788 932 1840 persuasum

125 1847 184 1893 cst:
205 1844 334 1908 equidem
345 1849 458 1894 aeterna
469 1844 670 1895 constitutione
680 1841 863 1905 crediderim,
885 1858 932 1895 ne·

125 1925 217 1977 xuque
228 1926 372 1962 causarum
384 1910 542 1972 latentium,
563 1918 592 1960 et
602 1911 688 1961 multo
704 1917 768 1961 anta
778 1908 933 1962 destinata·
1018 1919 1019 1932 ¹

123 1993 197 2039 rum,
218 1992 296 2028 suum
312 1992 447 2044 quemque
461 1977 586 2028 ordinem
599 1978 764 2030 immutabili
785 1977 850 2044 lege
871 1993 934 2046 per·

125 2059 247 2096 currere.
278 2042 430 2094 linarias
443 2055 518 2093 certe
529 2046 686 2110 respondit:
703 2061 870 2112 quamquam
879 2047 935 2097 sibi

125 2112 296 2164 Graecorum
315 2110 432 2160 militurn
450 2110 520 2161 fides
534 2118 602 2163 nota
614 2114 665 2176 sit,
684 2128 821 2179 nunquam
838 2121 936 2166 tamen

124 2195 141 2228 a
151 2176 332 2245 popularibus
343 2178 401 2226 suis
412 2191 594 2230 recessurum.
631 2180 781 2232 Difficilius
798 2181 854 2231 sibi
870 2197 934 2234 esse

126 2247 268 2307 damnare,
279 2258 358 2309 quam
371 2243 470 2310 decipi.
505 2247 646 2314 Quidquid
656 2247 715 2300 fors
726 2247 849 2311 tulisset,
860 2250 937 2302 inter

126 2327 193 2362 suos
204 2310 314 2377 perpeti
324 2310 415 2374 malle,
432 2329 512 2380 quam
523 2315 696 2383 transfugam
709 2315 780 2367 lieris
817 2316 889 2368 Sero
904 2331 936 2368 sc

125 2379 228 2444 perire,
249 2379 274 2430 si
294 2378 400 2430 salvum
416 2395 478 2431 csse
493 2383 536 2434 sui
551 2383 655 2434 milites
667 2383 782 2436 nollent.
821 2385 864 2436 12.
883 2383 937 2435 Pa-

125 2455 198 2508 tron,
210 2445 358 2512 desperata
368 2447 458 2498 salute
468 2451 554 2516 regis,
566 2451 600 2501 ad
611 2465 669 2513 eus,
683 2451 783 2519 quibus
793 2459 937 2517 praeerat,

125 2515 218 2576 rediit,
230 2514 324 2565 omnia
334 2531 383 2582 pro
395 2515 450 2566 fide
462 2518 580 2584 experiri
592 2526 715 2584 paratus.

176 2581 237 2634 Xll.
254 2583 289 2632 at
299 2582 404 2634 Bessus
417 2583 561 2635 occidendi
573 2586 701 2651 protinus
711 2588 788 2652 regis
799 2586 836 2637 im
859 2591 936 2638 etum

126 2658 303 2718 conceperat.
340 2649 526 2713 sedveritus,
546 2666 581 2702 ne
594 2655 713 2719 gratiam
723 2601 885 2715 Alexamfri,
906 2657 937 2706 ni

127 2715 216 2766 rivum
238 2731 300 2768 eum
321 2717 493 2782 tradidisset,
512 2720 583 2770 inire
598 2735 654 2770 non
668 2728 774 2788 posset,
796 2721 884 2773 dilato
907 2722 937 2772 in
