2036 3030
249 181 561 238 SUPPLEMENTA.
581 184 657 234 LlB.
675 185 698 236 1.
719 185 804 238 cAP.
825 189 847 235 l.
931 185 947 236 5

148 302 201 354 que
218 286 373 353 praesagiis
388 287 461 336 inter
480 294 642 354 conceptum
658 287 817 354 editumque
839 293 946 353 partum

148 354 334 422 significatum
346 351 449 414 fuisse,
470 359 589 419 quantus
598 353 682 404 homo
692 362 867 417 nasceretur,
884 369 947 406 eon-

148 437 231 474 sensu
242 423 370 472 truditur.
408 419 588 487 Obsignatam
608 422 781 488 Olympiadis
795 423 885 473 alvum
901 437 947 472 an·

147 490 222 551 nulo,
234 489 312 540 euius
324 487 467 554 sculptura
476 487 585 538 leonem
595 489 758 554 praeferret,
766 505 815 556 per
826 491 947 556 quietem

147 556 290 624 Philippus
310 556 387 608 vidit.
423 556 464 606 23.
483 556 568 608 Cuius
588 556 630 605 rei
647 559 807 608 memoriam
826 557 948 608 servavit

144 625 320 684 Alexandria,
340 638 420 690 quam
434 623 463 672 in
472 624 600 689 Aegypto
612 624 761 686 conditam,
778 625 947 691 aliquamdiu

145 691 343 758 Leontopolim
363 690 549 757 appellavere.
584 689 653 740 Nam
674 691 708 740 de
726 693 875 743 Alexandri
891 707 946 741 ma-

145 760 326 828 gnanimitate
346 765 375 808 et
392 757 494 808 robore
509 759 644 808 somnium
660 757 729 808 illud
748 760 946 826 interpretatus

146 834 206 878 erat
214 824 386 886 Aristander,
406 825 590 890 peritissimus
605 831 715 886 ratum,
727 827 771 892 qui
789 833 887 891 postea
901 839 946 876 co·

144 911 203 946 mes
215 895 242 946 ei
252 893 352 954 haesit,
370 891 512 958 sacrisque
523 892 583 942 eius
599 892 729 959 praefuit.
765 895 806 943 24.
826 893 887 954 Qua
901 905 947 942 au*-

144 971 201 1013 tem
215 967 299 1011 noete
315 958 458 1026 Olympias
473 959 591 1025 peperit,
607 963 718 1012 maximi
751 977 781 1012 er
795 962 886 1010 Asiam
900 974 948 1009 no-

145 1029 228 1080 minis
237 1026 371 1092 templum
381 1024 518 1091 Ephesiae
528 1026 634 1080 Dianae
648 1029 721 1095 ignis
731 977 837 1080 Rausit.
875 1027 948 1083 Intu-

146 1097 220 1148 lerat
230 1109 291 1147 eum
303 1095 445 1146 cuiusdam
456 1091 574 1144 hominis
585 1096 684 1162 perditi
702 1095 793 1160 turor3
815 1096 863 1164 qui
876 1109 939 1145 eom

148 1163 301 1229 prehensus
312 1168 473 1228 tortusque,
486 1176 542 1211 non
557 1163 713 1214 aliamente
728 1165 758 1215 id
775 1163 950 1214 commisisse

147 1231 240 1282 fassus
252 1237 304 1293 est,
316 1245 395 1297 quam
407 1235 438 1279 ut
447 1244 547 1296 magno
556 1230 648 1298 aliquo
657 1231 950 1282 facinorememoriam

149 1301 192 1350 sui
207 1299 363 1350 diuturnam
377 1298 508 1347 efficeret.
544 1297 587 1348 25.
605 1298 679 1365 Ergo
696 1306 751 1349 tam
766 1299 842 1350 foedi
858 1310 949 1348 exem·

147 1367 185 1433 pli
197 1366 303 1420 cladem
314 1379 369 1414 non
380 1365 461 1414 istius
472 1370 578 1416 tantum
589 1366 772 1416 aedisdamno
784 1367 948 1417 aestimave-

144 1449 177 1484 re
187 1434 277 1501 Magi,
296 1433 343 1500 qui
358 1439 416 1482 tum
429 1431 533 1497 Ephesi
546 1433 700 1500 degebant5
716 1449 811 1484 verum
825 1448 875 1500 pro
893 1449 948 1486 ma.-

144 1503 215 1552 ioris
233 1501 329 1552 ruinae
340 1501 487 1566 praesagio
504 1498 651 1564 habentes,
666 1507 755 1551 totam
767 1502 864 1552 urbem
874 1515 949 1551 moe-

144 1572 197 1621 stis
208 1569 358 1636 implevere
368 1567 547 1618 elamoribus:
559 1577 679 1619 exortem
690 1567 892 1686 alieubiAaeem,
905 1583 949 1619 eo·

142 1639 186 1692 ios
196 1635 327 1697 incendio,
338 1633 448 1686 timitem
460 1633 491 1684 oh
503 1649 618 1697 eausam,
628 1643 698 1686 totus
709 1635 770 1687 olim

137 1704 314 1775 flagrat-ures
325 1709 399 1753 esset.
435 1699 476 1751 26.
494 1701 580 1752 Forte
595 1717 646 1768 per
659 1704 733 1754 idem
748 1712 857 1769 tempus
872 1703 949 1754 Poti·

145 1771 244 1822 daeam
254 1767 462 1819 Atheniensium
477 1766 616 1819 coloniam
630 1768 774 1836 Philippus
790 1771 948 1836 subegerat,

144 1853 229 1906 quum
240 1843 269 1888 et
279 1834 410 1902 Olympia
425 1833 567 1900 quadrigis
578 1850 607 1885 se
619 1836 718 1886 vicisse
733 1838 878 1903 cognovit,
888 1845 924 1888 ,et
934 1853 951 1887 a

144 1906 345 1966 Parmenione,
364 1917 445 1969 quem
456 1901 485 1951 in
494 1901 607 1967 illyrios
619 1903 745 1965 miserat,
765 1903 880 1954 maioris
891 1919 948 1954 mo-

143 1973 233 2025 menti
246 1972 357 2024 nuntius
371 1972 456 2032 venit,
473 1968 543 2019 fusis
557 1972 664 2037 ingenti
684 1971 792 2038 proelio
813 1971 949 2034 barbaris,

109 2085 112 2090 .
144 2040 316 2094 Macedonas
327 2052 460 2104 prospere
471 2041 647 2104 pugnavisse,
683 2041 724 2090 at.
739 2038 948 2090 Exultantitam

144 2111 221 2160 laeto
241 2107 345 2174 ubique
365 2113 493 2156 votorum
513 2107 590 2157 exitu
611 2108 694 2157 etiam
718 2108 753 2158 de
774 2105 947 2173 Olympiadis

165 2175 421 2232 artu-renuntiatum
429 2179 481 2223 est:
492 2187 544 2224 nee
551 2175 711 2226 dubitavere
722 2180 809 2236 vates,
816 2175 947 2226 invictum

143 2194 217 2306 fore,
229 2243 275 2309 qui
284 2242 358 2292 iuter
367 2247 411 2290 tot
420 2241 597 2292 victoriarum
609 2243 713 2308 palmas
725 2249 894 2293 nasceretur.
906 2243 947 2292 28.

144 2312 257 2372 Ferunt,
270 2315 313 2359 tot
323 2307 404 2358 simul
414 2322 608 2373 prosperarum
619 2325 711 2360 rerum
722 2312 830 2361 eumulo
847 2311 947 2361 attoni-

145 2391 204 2432 tum
213 2391 324 2446 regem,
340 2385 369 2426 et
378 2375 509 2425 invidiam
520 2376 610 2427 Derim
619 2379 746 2438 veritum,
759 2380 882 2429 oravisse
894 2377 947 2428 Ne·

136 2447 250 2508 masin,
264 2450 296 2496 ut
305 2441 359 2493 hoe
368 2441 497 2494 fortunae
508 2444 670 2511 obsequium
681 2446 792 2497 modica
801 2446 895 2510 aliqua
905 2459 948 2493 ea-

146 2514 270 2566 larnitate
280 2511 378 2562 uleisei
389 2515 520 2561 contenta
532 2510 614 2562 foret.
650 2511 691 2563 29.
709 2511 854 2563 Proditum
865 2514 949 2561 etiam

147 2587 190 2631 est
199 2579 360 2639 memoriae,
375 2578 405 2628 in
416 2577 517 2643 oppido
529 2578 609 2629 Pella
619 2579 686 2631 duas
698 2579 805 2646 aquilas
815 2581 844 2629 in
855 2577 949 2627 eulmi-

146 2662 180 2698 ne
199 2648 305 2707 domus,
325 2645 372 2695 ubi
393 2659 507 2710 puerum
527 2646 609 2696 enixa
624 2654 684 2696 erat
701 2647 808 2712 regina,
828 2650 890 2694 tote
904 2643 948 2691 die

146 2715 312 2780 persedisse.
351 2713 459 2764 Gemini
471 2728 520 2779 per
532 2713 671 2781 Europam
683 2713 829 2777 Asiamque
839 2708 948 2774 imperii

807 1635 877 1692 rtem
888 1651 949 1686 eon·
1011 1641 1012 1646 ’
