2048 3034
208 134 212 143 ‘
291 143 665 217 rerneuvstcnrs.
757 129 760 136 ’
829 171 880 224 sos

77 261 159 324 risse,
169 263 329 328 respondit:
340 264 383 316 bis
394 271 513 385 captum,
524 268 611 317 semel
621 259 737 322 aPersis
746 269 880 338 inlsyois,

78 332 181 383 iterum
201 330 236 381 ab
255 330 327 398 ipso.
364 333 403 383 ll.
446 334 506 384 ubit
519 335 639 384 animum
654 340 789 398 mensoria
804 339 880 407 regis

11 425 12 428 ¹
79 397 195 451 oraculo
208 397 299 450 editae
310 399 408 450 sortis:
429 403 531 467 quippe
547 402 703 454 consulenti
716 418 881 472 responsum

75 472 148 527 erat,
160 466 259 517 dudem
268 470 296 517 in
308 466 450 522 Persidem
462 462 580 520 ferentis
590 469 652 520 viae
663 469 779 536 Lycium
791 474 880 526 eirena

76 533 151 584 fore.
188 535 228 583 12.
249 533 336 600 lgitur
350 536 511 601 promissis,
531 541 633 603 quanta
647 543 676 590 et
691 551 822 604 praesens
833 557 879 593 ne·

11 651 12 656 ,
77 601 197 652 cessitas
208 602 348 682 exigebat,
363 609 392 654 et
402 602 490 668 ipsius
501 602 614 654 fortuna
623 604 765 670 capiebat,
784 621 879 660 onera·

75 675 143 729 tum,
165 683 267 720 armari
278 671 357 721 rubet
366 669 552 721 Macedonum
562 685 653 733 more,
671 677 707 733 et,
723 673 798 738 quod
808 675 879 726 bene

74 742 208 797 verteret,
228 743 385 788 monstrare
400 740 467 788 iter:
487 739 614 802 quamvis
630 739 745 790 arduum
760 747 788 790 et
801 756 880 806 prae-

11 821 12 836 2
75 819 151 869 ceps,
172 819 320 864 evasurum
331 818 363 854 se
374 818 438 855 esse
450 818 513 855 eum
522 805 628 871 paucis.
663 804 724 855 Nisi
736 804 810 858 forte
822 823 880 859 ers·

75 871 164 934 deret,
183 887 239 938 quo
249 873 311 936 ipse
324 872 435 937 peeoris
448 885 533 924 eausa
542 872 621 934 isset,
630 872 816 926 Alexandrum
828 889 879 941 pro

56 939 167 1006 'gloria
181 945 210 988 et
225 946 361 1005 perpetua
375 938 458 989 laude
474 940 516 990 ire
532 954 587 990 non
598 953 690 1004 posse.
729 942 768 993 13.
790 943 879 994 Etiam

70 1015 157 1073 atque
169 1005 255 1056 etiam
265 1005 369 1057 docere
380 1008 520 1072 captivus,
543 1021 624 1073 quam
638 1007 751 1060 difficile
766 1010 821 1061 iter
836 1025 883 1061 es-¹

71 1080 125 1135 set,
139 1072 261 1124 maxime
272 1075 394 1124 armatis.
421 1075 492 1124 'l'um
501 1087 560 1136 rex,
572 1075 701 1141 praedem
713 1091 767 1139 nie,
778 1079 878 1145 inquit,

71 1141 180 1207 accipe,
193 1140 330 1192 neminem
341 1155 446 1204 eorum,
455 1142 501 1208 qui
511 1149 672 1209 sequuntur,
684 1152 878 1197 recusaturum

71 1210 121 1271 ire,
134 1223 191 1275 qua
201 1208 296 1260 duces.
336 1208 373 1260 ld.
393 1209 509 1262 Cratero
520 1211 607 1277 igitur
617 1211 653 1262 ad
663 1213 820 1264 custodiam
833 1228 877 1266 oa·

72 1285 196 1328 atrorum
216 1275 317 1327 relicto
334 1291 396 1328 oum
408 1277 558 1343 peditibus,
580 1283 641 1345 quis
653 1288 826 1344 assueverat,
848 1286 878 1332 et

71 1345 106 1394 iis
116 1344 218 1410 oopiis‚
229 1358 298 1411 quas
304 1344 448 1412 Meleager
459 1345 588 1407 ducebat,
595 1353 624 1397 et
633 1350 787 1414 sagittariis
798 1350 875 1415 equi·

71 1413 144 1464 tibus
151 1413 189 1473 M,
195 1413 346 1478 praecepit,
357 1419 388 1463 ut
397 1419 551 1464 aestrorum
562 1415 655 1478 speeie
666 1422 804 1478 manente,
816 1418 875 1482 plu·

70 1495 115 1530 res
126 1480 160 1532 de
174 1479 314 1530 industria
324 1481 404 1546 ignes
418 1480 480 1531 lieri
492 1481 618 1548 imperet,
639 1497 694 1548 quo
708 1484 798 1550 magis
813 1484 875 1535 bar‹
922 1481 927 1485 ’

11 1581 12 1584 ¹
71 1548 129 1599 bari
141 1547 268 1607 credant,
290 1547 379 1612 ipsum
392 1547 527 1613 regeruin
538 1549 638 1598 castris
650 1563 721 1600 esse.
763 1550 802 1600 lb.
824 1551 875 1602 ce-

73 1621 169 1678 terum,
177 1616 203 1666 si
215 1613 498 1665 forterlriobarzanes
507 1617 752 1682 cognovisset,per
762 1617 874 1668 uallium

73 1681 214 1736 anfractus
226 1696 288 1732 eum
298 1682 412 1742 intrare,
434 1681 512 1732 etad
527 1683 715 1747 occupandum
731 1685 786 1733 iter
796 1699 876 1734 suum

72 1757 176 1816 partem
195 1751 339 1814 copiarum
353 1753 491 1799 tentasset
510 1763 666 1813 opponere;
685 1749 826 1810 Craterus,
847 1752 876 1802 in

72 1814 876 1882 eumillatoterrore,retineretadpropiusperionlumcon-
912 1815 915 1823 '

72 1900 179 1938 versum
192 1899 304 1953 agmen:
317 1884 408 1937 libain
419 1889 512 1934 autem
521 1884 583 1948 ipse
595 1881 702 1934 hostem
715 1882 875 1945 fefellisset,

73 1960 101 2004 et
113 1955 215 2006 saltum
231 1957 411 2020 occupassem
431 1966 514 2018 quum
532 1950 729 2017 trepidantium
742 1951 876 2003 barbaro·

71 2035 131 2072 rum
140 2021 289 2072 tumultum
299 2019 462 2072 exaudisset
474 2020 700 2085 persequentium
715 2034 824 2086 regem,
847 2019 876 2070 id

72 2087 160 2154 ipsum
170 2093 241 2149 iter,
253 2103 307 2156 quo
318 2087 407 2155 pridie
418 2087 490 2152 pulsi
501 2085 626 2148 fuerant,
636 2103 672 2138 ne
682 2087 826 2138 dubitaret
836 2087 875 2137 in-

73 2158 161 2222 gredi:
183 2145 286 2224 ‹juippe
297 2171 414 2206 saeuum
424 2153 502 2217 iore,
522 2152 649 2206 hostibus
659 2155 687 2205 in
699 2160 788 2206 semet
798 2168 875 2205 aver-

73 2225 119 2274 sis.
155 2227 196 2276 17.
217 2225 280 2290 lpse
290 2223 376 2275 tertia
386 2222 495 2289 vigilia,
507 2221 602 2274 silenti
613 2223 732 2289 agmine,
743 2236 777 2272 oe
788 2234 821 2272 ne
833 2229 873 2274 tu·

12 2343 14 2352 ,
72 2289 108 2340 ba
117 2293 228 2356 quidem
240 2293 307 2343 dato
318 2292 413 2357 signo,
434 2289 527 2356 pergit
541 2289 576 2339 ad
591 2289 809 2340 demonstratum
821 2292 875 2342 iter

74 2358 193 2410 callium.
231 2358 331 2410 'l'ridui
345 2358 478 2408 alimenta
492 2363 603 2422 portare
618 2357 733 2407 militem
753 2357 874 2409 iusserat

74 2425 174 2477 leviter
183 2433 326 2480 armatum.
364 2425 404 2477 18.
424 2423 480 2476 Sed
500 2425 718 2490 praeterierim
737 2439 820 2493 rupes
840 2440 874 2478 ae

74 2504 223 2561 praerupta
233 2509 310 2558 saxa,
330 2493 479 2560 vestigium
490 2491 607 2572 subinde
618 2490 753 2574 lalleptio,
769 2494 817 2545 nix
827 2508 873 2576 eu-

12 2585 14 2648 i
74 2557 875 2694 uterumtertineriameuerritur

73 2691 124 2747 bus
134 2697 335 2761 allevarentur,
345 2695 494 2748 trahebant
503 2697 591 2762 magis
604 2695 780 2757 adiurantes,
793 2707 875 2761 quom
