<?xml version="1.0" encoding="UTF-8"?>
<!DOCTYPE html PUBLIC "-//W3C//DTD XHTML 1.0 Transitional//EN"
    "http://www.w3.org/TR/xhtml1/DTD/xhtml1-transitional.dtd">
<html xmlns="http://www.w3.org/1999/xhtml" xml:lang="en" lang="en">
 <head>
  <title>
</title>
<meta http-equiv="Content-Type" content="text/html;charset=utf-8" />
  <meta name='ocr-system' content='tesseract 3.04.00' />
  <meta name='ocr-capabilities' content='ocr_page ocr_carea ocr_par ocr_line ocrx_word'/>
</head>
<body>
  <div class='ocr_page' id='page_1' title='image "./qcurtiirufidere00johagoog_0100.png"; bbox 0 0 2054 3030; ppageno 0'>
   <div class='ocr_carea' id='block_1_1' title="bbox 31 241 924 423">
    <p class='ocr_par' dir='ltr' id='par_1_1' title="bbox 31 241 924 423">
     <span class='ocr_line' id='line_1_1' title="bbox 116 241 734 296; baseline -0.008 0"><span class='ocrx_word' id='word_1_1' title='bbox 116 246 149 296; x_wconf 80' lang='lat'>8⁸</span> <span class='ocrx_word' id='word_1_2' title='bbox 300 242 399 292; x_wconf 80' lang='lat' dir='ltr'>lOAN</span> <span class='ocrx_word' id='word_1_3' title='bbox 407 241 440 293; x_wconf 94' lang='lat' dir='ltr'>N.</span> <span class='ocrx_word' id='word_1_4' title='bbox 455 242 734 294; x_wconf 80' lang='lat' dir='ltr'><strong>FREINSHEMII</strong></span> 
     </span>
     <span class='ocr_line' id='line_1_2' title="bbox 31 321 924 423; baseline -0.011 -24"><span class='ocrx_word' id='word_1_5' title='bbox 31 400 35 423; x_wconf 60' lang='lat'><em>,</em></span> <span class='ocrx_word' id='word_1_6' title='bbox 114 355 249 412; x_wconf 81' lang='lat' dir='ltr'>torosque</span> <span class='ocrx_word' id='word_1_7' title='bbox 264 346 293 395; x_wconf 93' lang='lat' dir='ltr'>in</span> <span class='ocrx_word' id='word_1_8' title='bbox 308 345 361 394; x_wconf 84' lang='lat' dir='ltr'>lide</span> <span class='ocrx_word' id='word_1_9' title='bbox 378 361 412 395; x_wconf 86' lang='lat' dir='ltr'>ae</span> <span class='ocrx_word' id='word_1_10' title='bbox 425 321 565 411; x_wconf 83' lang='lat' dir='ltr'>potestate</span> <span class='ocrx_word' id='word_1_11' title='bbox 580 346 665 410; x_wconf 83' lang='lat' dir='ltr'>regis,</span> <span class='ocrx_word' id='word_1_12' title='bbox 685 350 714 395; x_wconf 92' lang='lat' dir='ltr'>et</span> <span class='ocrx_word' id='word_1_13' title='bbox 726 343 866 408; x_wconf 87' lang='lat' dir='ltr'>imperata</span> <span class='ocrx_word' id='word_1_14' title='bbox 878 344 924 397; x_wconf 82' lang='lat' dir='ltr'>ia.</span> 
     </span>
    </p>
   </div>
   <div class='ocr_carea' id='block_1_2' title="bbox 30 409 922 477">
    <p class='ocr_par' dir='ltr' id='par_1_2' title="bbox 30 409 922 477">
     <span class='ocr_line' id='line_1_3' title="bbox 30 409 922 477; baseline -0.001 -13"><span class='ocrx_word' id='word_1_15' title='bbox 30 426 32 435; x_wconf 73' lang='lat'><em>¹</em></span> <span class='ocrx_word' id='word_1_16' title='bbox 115 421 220 476; x_wconf 85' lang='lat' dir='ltr'>cturos,</span> <span class='ocrx_word' id='word_1_17' title='bbox 231 413 426 477; x_wconf 88' lang='lat' dir='ltr'>promiserunt.</span> <span class='ocrx_word' id='word_1_18' title='bbox 453 413 495 462; x_wconf 68' lang='lat'>24.</span> <span class='ocrx_word' id='word_1_19' title='bbox 503 409 655 461; x_wconf 86' lang='lat' dir='ltr'>Dumbaeo</span> <span class='ocrx_word' id='word_1_20' title='bbox 666 411 706 461; x_wconf 89' lang='lat' dir='ltr'>ita</span> <span class='ocrx_word' id='word_1_21' title='bbox 716 417 860 475; x_wconf 79' lang='lat' dir='ltr'>geruntur,</span> <span class='ocrx_word' id='word_1_22' title='bbox 872 427 922 466; x_wconf 82' lang='lat' dir='ltr'>ex·</span> 
     </span>
    </p>
   </div>
   <div class='ocr_carea' id='block_1_3' title="bbox 68 473 997 2841">
    <p class='ocr_par' dir='ltr' id='par_1_3' title="bbox 109 473 997 1216">
     <span class='ocr_line' id='line_1_4' title="bbox 114 473 922 548; baseline 0 -18"><span class='ocrx_word' id='word_1_23' title='bbox 114 481 235 548; x_wconf 86' lang='lat' dir='ltr'>quisitae</span> <span class='ocrx_word' id='word_1_24' title='bbox 246 480 313 530; x_wconf 89' lang='lat' dir='ltr'>artis</span> <span class='ocrx_word' id='word_1_25' title='bbox 324 481 487 546; x_wconf 88' lang='lat' dir='ltr'>saporisque</span> <span class='ocrx_word' id='word_1_26' title='bbox 503 479 580 529; x_wconf 87' lang='lat' dir='ltr'>cibos</span> <span class='ocrx_word' id='word_1_27' title='bbox 592 485 674 544; x_wconf 89' lang='lat' dir='ltr'>atque</span> <span class='ocrx_word' id='word_1_28' title='bbox 684 473 803 529; x_wconf 88' lang='lat' dir='ltr'>bellaria</span> <span class='ocrx_word' id='word_1_29' title='bbox 812 479 922 542; x_wconf 88' lang='lat' dir='ltr'>solliei-</span> 
     </span>
     <span class='ocr_line' id='line_1_5' title="bbox 112 546 922 612; baseline -0.001 -14"><span class='ocrx_word' id='word_1_30' title='bbox 112 556 141 598; x_wconf 86' lang='lat' dir='ltr'>te</span> <span class='ocrx_word' id='word_1_31' title='bbox 152 547 253 598; x_wconf 85' lang='lat' dir='ltr'>confici</span> <span class='ocrx_word' id='word_1_32' title='bbox 262 549 377 598; x_wconf 87' lang='lat' dir='ltr'>curabat</span> <span class='ocrx_word' id='word_1_33' title='bbox 387 548 459 608; x_wconf 85' lang='lat' dir='ltr'>Ada,</span> <span class='ocrx_word' id='word_1_34' title='bbox 476 561 563 612; x_wconf 88' lang='lat' dir='ltr'>eaque</span> <span class='ocrx_word' id='word_1_35' title='bbox 573 561 634 596; x_wconf 94' lang='lat' dir='ltr'>cum</span> <span class='ocrx_word' id='word_1_36' title='bbox 644 546 712 611; x_wconf 87' lang='lat' dir='ltr'>ipsis</span> <span class='ocrx_word' id='word_1_37' title='bbox 724 546 822 612; x_wconf 86' lang='lat' dir='ltr'>coquis</span> <span class='ocrx_word' id='word_1_38' title='bbox 833 553 862 597; x_wconf 92' lang='lat' dir='ltr'>et</span> <span class='ocrx_word' id='word_1_39' title='bbox 873 563 922 597; x_wconf 89' lang='lat' dir='ltr'>cu-</span> 
     </span>
     <span class='ocr_line' id='line_1_6' title="bbox 114 612 997 682; baseline 0.001 -18"><span class='ocrx_word' id='word_1_40' title='bbox 114 615 249 681; x_wconf 90' lang='lat' dir='ltr'>pediariis</span> <span class='ocrx_word' id='word_1_41' title='bbox 259 616 320 682; x_wconf 82' lang='lat' dir='ltr'>regi</span> <span class='ocrx_word' id='word_1_42' title='bbox 330 615 403 665; x_wconf 89' lang='lat' dir='ltr'>dono</span> <span class='ocrx_word' id='word_1_43' title='bbox 414 614 554 676; x_wconf 87' lang='lat' dir='ltr'>mittebat,</span> <span class='ocrx_word' id='word_1_44' title='bbox 568 619 700 679; x_wconf 83' lang='lat' dir='ltr'>tanquam</span> <span class='ocrx_word' id='word_1_45' title='bbox 710 612 782 664; x_wconf 89' lang='lat' dir='ltr'>bene</span> <span class='ocrx_word' id='word_1_46' title='bbox 797 615 922 680; x_wconf 87' lang='lat' dir='ltr'>merenti</span> <span class='ocrx_word' id='word_1_47' title='bbox 995 641 997 646; x_wconf 96' lang='lat'>·</span> 
     </span>
     <span class='ocr_line' id='line_1_7' title="bbox 113 678 921 750; baseline -0.001 -19"><span class='ocrx_word' id='word_1_48' title='bbox 113 683 230 750; x_wconf 77' lang='lat' dir='ltr'>gratiam</span> <span class='ocrx_word' id='word_1_49' title='bbox 247 683 384 743; x_wconf 90' lang='lat' dir='ltr'>relatura,</span> <span class='ocrx_word' id='word_1_50' title='bbox 404 681 429 732; x_wconf 86' lang='lat' dir='ltr'>si</span> <span class='ocrx_word' id='word_1_51' title='bbox 438 682 537 732; x_wconf 87' lang='lat' dir='ltr'>muniis</span> <span class='ocrx_word' id='word_1_52' title='bbox 549 695 688 732; x_wconf 71' lang='lat' dir='ltr'>murorum</span> <span class='ocrx_word' id='word_1_53' title='bbox 701 678 805 730; x_wconf 86' lang='lat' dir='ltr'>fessum</span> <span class='ocrx_word' id='word_1_54' title='bbox 815 679 921 748; x_wconf 80' lang='lat' dir='ltr'>fatiga·</span> 
     </span>
     <span class='ocr_line' id='line_1_8' title="bbox 112 747 920 818; baseline -0.002 -17"><span class='ocrx_word' id='word_1_55' title='bbox 112 759 224 818; x_wconf 90' lang='lat' dir='ltr'>tumque</span> <span class='ocrx_word' id='word_1_56' title='bbox 234 749 440 802; x_wconf 73' lang='lat' dir='ltr'>Asiatioiluxus</span> <span class='ocrx_word' id='word_1_57' title='bbox 452 749 560 800; x_wconf 90' lang='lat' dir='ltr'>deliciis</span> <span class='ocrx_word' id='word_1_58' title='bbox 575 749 725 813; x_wconf 78' lang='lat' dir='ltr'>exciperet.</span> <span class='ocrx_word' id='word_1_59' title='bbox 761 747 803 796; x_wconf 74' lang='lat'>25.</span> <span class='ocrx_word' id='word_1_60' title='bbox 822 747 858 798; x_wconf 80' lang='lat' dir='ltr'>At</span> <span class='ocrx_word' id='word_1_61' title='bbox 867 749 920 799; x_wconf 84' lang='lat' dir='ltr'>ille</span> 
     </span>
     <span class='ocr_line' id='line_1_9' title="bbox 111 815 919 885; baseline -0.005 -17"><span class='ocrx_word' id='word_1_62' title='bbox 111 819 233 884; x_wconf 90' lang='lat' dir='ltr'>prudens</span> <span class='ocrx_word' id='word_1_63' title='bbox 244 817 484 885; x_wconf 81' lang='lat' dir='ltr'>intemperantiam</span> <span class='ocrx_word' id='word_1_64' title='bbox 498 817 580 883; x_wconf 83' lang='lat' dir='ltr'>gulae</span> <span class='ocrx_word' id='word_1_65' title='bbox 594 816 668 866; x_wconf 89' lang='lat' dir='ltr'>seria</span> <span class='ocrx_word' id='word_1_66' title='bbox 676 815 809 865; x_wconf 87' lang='lat' dir='ltr'>tractanti</span> <span class='ocrx_word' id='word_1_67' title='bbox 818 815 919 865; x_wconf 90' lang='lat' dir='ltr'>intem-</span> 
     </span>
     <span class='ocr_line' id='line_1_10' title="bbox 110 881 920 952; baseline -0.006 -15"><span class='ocrx_word' id='word_1_68' title='bbox 110 887 246 952; x_wconf 86' lang='lat' dir='ltr'>pestivam</span> <span class='ocrx_word' id='word_1_69' title='bbox 256 899 333 945; x_wconf 90' lang='lat' dir='ltr'>esse,</span> <span class='ocrx_word' id='word_1_70' title='bbox 347 884 559 934; x_wconf 87' lang='lat' dir='ltr'>benevolentiae</span> <span class='ocrx_word' id='word_1_71' title='bbox 571 882 681 949; x_wconf 90' lang='lat' dir='ltr'>quidem</span> <span class='ocrx_word' id='word_1_72' title='bbox 691 881 820 931; x_wconf 83' lang='lat' dir='ltr'>muliebri</span> <span class='ocrx_word' id='word_1_73' title='bbox 831 885 920 932; x_wconf 84' lang='lat' dir='ltr'>eomi-</span> 
     </span>
     <span class='ocr_line' id='line_1_11' title="bbox 110 950 918 1020; baseline -0.005 -16"><span class='ocrx_word' id='word_1_74' title='bbox 110 961 154 1003; x_wconf 89' lang='lat' dir='ltr'>ter</span> <span class='ocrx_word' id='word_1_75' title='bbox 164 954 270 1020; x_wconf 82' lang='lat' dir='ltr'>gratias</span> <span class='ocrx_word' id='word_1_76' title='bbox 282 951 352 1016; x_wconf 82' lang='lat' dir='ltr'>egit3</span> <span class='ocrx_word' id='word_1_77' title='bbox 363 958 486 1000; x_wconf 88' lang='lat' dir='ltr'>ceterum</span> <span class='ocrx_word' id='word_1_78' title='bbox 498 966 552 1000; x_wconf 92' lang='lat' dir='ltr'>non</span> <span class='ocrx_word' id='word_1_79' title='bbox 560 951 705 1000; x_wconf 75' lang='lat' dir='ltr'>attinuisse</span> <span class='ocrx_word' id='word_1_80' title='bbox 716 950 870 1014; x_wconf 85' lang='lat' dir='ltr'>respondit,</span> <span class='ocrx_word' id='word_1_81' title='bbox 885 955 918 1000; x_wconf 90' lang='lat' dir='ltr'>ut</span> 
     </span>
     <span class='ocr_line' id='line_1_12' title="bbox 109 1015 916 1088; baseline -0.005 -18"><span class='ocrx_word' id='word_1_82' title='bbox 109 1036 161 1088; x_wconf 89' lang='lat' dir='ltr'>pro</span> <span class='ocrx_word' id='word_1_83' title='bbox 182 1023 244 1086; x_wconf 84' lang='lat' dir='ltr'>ipso</span> <span class='ocrx_word' id='word_1_84' title='bbox 265 1017 389 1067; x_wconf 84' lang='lat' dir='ltr'>sollicita</span> <span class='ocrx_word' id='word_1_85' title='bbox 408 1023 491 1079; x_wconf 89' lang='lat' dir='ltr'>esset,</span> <span class='ocrx_word' id='word_1_86' title='bbox 512 1018 644 1068; x_wconf 87' lang='lat' dir='ltr'>meliores</span> <span class='ocrx_word' id='word_1_87' title='bbox 664 1015 783 1068; x_wconf 80' lang='lat' dir='ltr'>habente</span> <span class='ocrx_word' id='word_1_88' title='bbox 798 1031 916 1084; x_wconf 87' lang='lat' dir='ltr'>coquos,</span> 
     </span>
     <span class='ocr_line' id='line_1_13' title="bbox 111 1083 917 1154; baseline -0.005 -16"><span class='ocrx_word' id='word_1_89' title='bbox 111 1089 211 1154; x_wconf 90' lang='lat' dir='ltr'>quibus</span> <span class='ocrx_word' id='word_1_90' title='bbox 229 1086 320 1151; x_wconf 90' lang='lat' dir='ltr'>ipsum</span> <span class='ocrx_word' id='word_1_91' title='bbox 336 1083 402 1134; x_wconf 91' lang='lat' dir='ltr'>olim</span> <span class='ocrx_word' id='word_1_92' title='bbox 427 1084 608 1152; x_wconf 81' lang='lat' dir='ltr'>paedagogus</span> <span class='ocrx_word' id='word_1_93' title='bbox 628 1100 694 1135; x_wconf 85' lang='lat' dir='ltr'>suus</span> <span class='ocrx_word' id='word_1_94' title='bbox 714 1083 854 1135; x_wconf 81' lang='lat' dir='ltr'>Leonidas</span> <span class='ocrx_word' id='word_1_95' title='bbox 874 1083 917 1134; x_wconf 91' lang='lat' dir='ltr'>in-</span> 
     </span>
     <span class='ocr_line' id='line_1_14' title="bbox 111 1150 919 1216; baseline -0.006 -9"><span class='ocrx_word' id='word_1_96' title='bbox 111 1155 276 1206; x_wconf 83' lang='lat' dir='ltr'>struxisset:</span> <span class='ocrx_word' id='word_1_97' title='bbox 287 1151 322 1201; x_wconf 87' lang='lat' dir='ltr'>ad</span> <span class='ocrx_word' id='word_1_98' title='bbox 332 1151 477 1216; x_wconf 85' lang='lat' dir='ltr'>prandium</span> <span class='ocrx_word' id='word_1_99' title='bbox 486 1151 749 1213; x_wconf 87' lang='lat' dir='ltr'>iterantelueanum,</span> <span class='ocrx_word' id='word_1_100' title='bbox 756 1150 791 1201; x_wconf 89' lang='lat' dir='ltr'>ad</span> <span class='ocrx_word' id='word_1_101' title='bbox 798 1165 919 1202; x_wconf 85' lang='lat' dir='ltr'>coenem</span> 
     </span>
    </p>

    <p class='ocr_par' dir='ltr' id='par_1_4' title="bbox 68 1218 921 2841">
     <span class='ocr_line' id='line_1_15' title="bbox 97 1218 391 1286; baseline -0.024 -12"><span class='ocrx_word' id='word_1_102' title='bbox 97 1269 98 1274; x_wconf 75' lang='grc'>,</span> <span class='ocrx_word' id='word_1_103' title='bbox 110 1220 220 1286; x_wconf 79' lang='lat' dir='ltr'>frugale</span> <span class='ocrx_word' id='word_1_104' title='bbox 231 1218 391 1282; x_wconf 80' lang='lat' dir='ltr'>prandium.¹</span> 
     </span>
     <span class='ocr_line' id='line_1_16' title="bbox 162 1284 919 1339; baseline 0.001 -4"><span class='ocrx_word' id='word_1_105' title='bbox 162 1286 209 1336; x_wconf 85' lang='lat' dir='ltr'>lX.</span> <span class='ocrx_word' id='word_1_106' title='bbox 230 1286 286 1334; x_wconf 90' lang='lat' dir='ltr'>lam</span> <span class='ocrx_word' id='word_1_107' title='bbox 300 1291 361 1336; x_wconf 91' lang='lat' dir='ltr'>tota</span> <span class='ocrx_word' id='word_1_108' title='bbox 375 1284 462 1335; x_wconf 82' lang='lat' dir='ltr'>ferme</span> <span class='ocrx_word' id='word_1_109' title='bbox 479 1285 560 1337; x_wconf 85' lang='lat' dir='ltr'>Caria</span> <span class='ocrx_word' id='word_1_110' title='bbox 573 1287 601 1336; x_wconf 89' lang='lat' dir='ltr'>in</span> <span class='ocrx_word' id='word_1_111' title='bbox 619 1285 754 1339; x_wconf 87' lang='lat' dir='ltr'>ditionem</span> <span class='ocrx_word' id='word_1_112' title='bbox 764 1285 919 1336; x_wconf 83' lang='lat' dir='ltr'>Alexandri·</span> 
     </span>
     <span class='ocr_line' id='line_1_17' title="bbox 112 1352 918 1420; baseline 0.001 -16"><span class='ocrx_word' id='word_1_113' title='bbox 112 1359 306 1414; x_wconf 82' lang='lat' dir='ltr'>concesserat3</span> <span class='ocrx_word' id='word_1_114' title='bbox 330 1352 380 1402; x_wconf 89' lang='lat' dir='ltr'>sed</span> <span class='ocrx_word' id='word_1_115' title='bbox 399 1359 481 1418; x_wconf 88' lang='lat' dir='ltr'>eaput</span> <span class='ocrx_word' id='word_1_116' title='bbox 498 1354 580 1420; x_wconf 84' lang='lat' dir='ltr'>regni</span> <span class='ocrx_word' id='word_1_117' title='bbox 597 1353 813 1405; x_wconf 79' lang='lat' dir='ltr'>Halicarnassus</span> <span class='ocrx_word' id='word_1_118' title='bbox 835 1354 918 1405; x_wconf 87' lang='lat' dir='ltr'>firmo</span> 
     </span>
     <span class='ocr_line' id='line_1_18' title="bbox 129 1418 919 1486; baseline 0.005 -16"><span class='ocrx_word' id='word_1_119' title='bbox 129 1419 251 1471; x_wconf 86' lang='lat' dir='ltr'>raesidio</span> <span class='ocrx_word' id='word_1_120' title='bbox 265 1418 421 1471; x_wconf 86' lang='lat' dir='ltr'>tenebatur.</span> <span class='ocrx_word' id='word_1_121' title='bbox 456 1421 553 1486; x_wconf 89' lang='lat' dir='ltr'>ltaque</span> <span class='ocrx_word' id='word_1_122' title='bbox 567 1421 726 1472; x_wconf 90' lang='lat' dir='ltr'>diuturnam</span> <span class='ocrx_word' id='word_1_123' title='bbox 739 1420 919 1474; x_wconf 89' lang='lat' dir='ltr'>obsidionem</span> 
     </span>
     <span class='ocr_line' id='line_1_19' title="bbox 110 1437 917 1556; baseline 0 -18"><span class='ocrx_word' id='word_1_124' title='bbox 110 1437 537 1548; x_wconf 79' lang='lat' dir='ltr'>ioreoonieetans‚commeatum</span> <span class='ocrx_word' id='word_1_125' title='bbox 548 1495 576 1538; x_wconf 90' lang='lat' dir='ltr'>et</span> <span class='ocrx_word' id='word_1_126' title='bbox 586 1487 736 1551; x_wconf 88' lang='lat' dir='ltr'>machinas,</span> <span class='ocrx_word' id='word_1_127' title='bbox 744 1502 815 1556; x_wconf 90' lang='lat' dir='ltr'>quae</span> <span class='ocrx_word' id='word_1_128' title='bbox 826 1489 917 1556; x_wconf 89' lang='lat' dir='ltr'>adop-</span> 
     </span>
     <span class='ocr_line' id='line_1_20' title="bbox 109 1553 915 1623; baseline 0.002 -19"><span class='ocrx_word' id='word_1_129' title='bbox 109 1553 618 1623; x_wconf 85' lang='lat' dir='ltr'>pugnationempertinerent‚navibus</span> <span class='ocrx_word' id='word_1_130' title='bbox 630 1571 663 1607; x_wconf 90' lang='lat' dir='ltr'>eo</span> <span class='ocrx_word' id='word_1_131' title='bbox 671 1556 915 1622; x_wconf 87' lang='lat' dir='ltr'>deportariiubet:</span> 
     </span>
     <span class='ocr_line' id='line_1_21' title="bbox 94 1621 918 1689; baseline 0.005 -17"><span class='ocrx_word' id='word_1_132' title='bbox 94 1623 171 1689; x_wconf 82' lang='lat' dir='ltr'>¹ipse</span> <span class='ocrx_word' id='word_1_133' title='bbox 182 1637 244 1672; x_wconf 92' lang='lat' dir='ltr'>cum</span> <span class='ocrx_word' id='word_1_134' title='bbox 257 1621 380 1687; x_wconf 84' lang='lat' dir='ltr'>pedestri</span> <span class='ocrx_word' id='word_1_135' title='bbox 395 1625 520 1673; x_wconf 84' lang='lat' dir='ltr'>exercitu</span> <span class='ocrx_word' id='word_1_136' title='bbox 534 1624 629 1689; x_wconf 89' lang='lat' dir='ltr'>quinto</span> <span class='ocrx_word' id='word_1_137' title='bbox 641 1624 674 1673; x_wconf 92' lang='lat' dir='ltr'>ab</span> <span class='ocrx_word' id='word_1_138' title='bbox 686 1623 858 1674; x_wconf 67' lang='lat' dir='ltr'>urbe‘stadio</span> <span class='ocrx_word' id='word_1_139' title='bbox 871 1639 918 1677; x_wconf 81' lang='lat' dir='ltr'>ca-</span> 
     </span>
     <span class='ocr_line' id='line_1_22' title="bbox 109 1690 919 1742; baseline 0 -1"><span class='ocrx_word' id='word_1_140' title='bbox 109 1697 168 1741; x_wconf 90' lang='lat' dir='ltr'>stra</span> <span class='ocrx_word' id='word_1_141' title='bbox 191 1690 349 1740; x_wconf 85' lang='lat' dir='ltr'>communit.</span> <span class='ocrx_word' id='word_1_142' title='bbox 394 1691 418 1741; x_wconf 82' lang='lat'>2.</span> <span class='ocrx_word' id='word_1_143' title='bbox 439 1691 549 1742; x_wconf 91' lang='lat' dir='ltr'>Deinde</span> <span class='ocrx_word' id='word_1_144' title='bbox 569 1706 662 1742; x_wconf 89' lang='lat' dir='ltr'>muros</span> <span class='ocrx_word' id='word_1_145' title='bbox 689 1692 817 1741; x_wconf 87' lang='lat' dir='ltr'>adortum</span> <span class='ocrx_word' id='word_1_146' title='bbox 836 1690 919 1741; x_wconf 81' lang='lat' dir='ltr'>iuxta</span> 
     </span>
     <span class='ocr_line' id='line_1_23' title="bbox 108 1757 919 1825; baseline 0.001 -17"><span class='ocrx_word' id='word_1_147' title='bbox 108 1765 232 1825; x_wconf 86' lang='lat' dir='ltr'>portam,</span> <span class='ocrx_word' id='word_1_148' title='bbox 252 1773 306 1825; x_wconf 87' lang='lat' dir='ltr'>qua</span> <span class='ocrx_word' id='word_1_149' title='bbox 319 1757 445 1824; x_wconf 77' lang='lat' dir='ltr'>Mylasea</span> <span class='ocrx_word' id='word_1_150' title='bbox 459 1759 514 1809; x_wconf 87' lang='lat' dir='ltr'>iter</span> <span class='ocrx_word' id='word_1_151' title='bbox 528 1765 578 1818; x_wconf 90' lang='lat' dir='ltr'>est,</span> <span class='ocrx_word' id='word_1_152' title='bbox 597 1758 750 1824; x_wconf 88' lang='lat' dir='ltr'>improvisa</span> <span class='ocrx_word' id='word_1_153' title='bbox 763 1757 919 1822; x_wconf 82' lang='lat' dir='ltr'>oppidano·</span> 
     </span>
     <span class='ocr_line' id='line_1_24' title="bbox 108 1825 917 1892; baseline 0 -16"><span class='ocrx_word' id='word_1_154' title='bbox 108 1841 169 1878; x_wconf 90' lang='lat' dir='ltr'>rum</span> <span class='ocrx_word' id='word_1_155' title='bbox 180 1827 289 1892; x_wconf 91' lang='lat' dir='ltr'>eruptio</span> <span class='ocrx_word' id='word_1_156' title='bbox 305 1827 428 1890; x_wconf 88' lang='lat' dir='ltr'>excepit:</span> <span class='ocrx_word' id='word_1_157' title='bbox 450 1826 499 1876; x_wconf 90' lang='lat' dir='ltr'>sed</span> <span class='ocrx_word' id='word_1_158' title='bbox 509 1825 711 1877; x_wconf 86' lang='lat' dir='ltr'>Macedonibus</span> <span class='ocrx_word' id='word_1_159' title='bbox 725 1825 839 1876; x_wconf 83' lang='lat' dir='ltr'>fortiter</span> <span class='ocrx_word' id='word_1_160' title='bbox 850 1839 917 1876; x_wconf 91' lang='lat' dir='ltr'>con-</span> 
     </span>
     <span class='ocr_line' id='line_1_25' title="bbox 109 1889 918 1960; baseline -0.001 -15"><span class='ocrx_word' id='word_1_161' title='bbox 109 1893 266 1945; x_wconf 87' lang='lat' dir='ltr'>serentibus</span> <span class='ocrx_word' id='word_1_162' title='bbox 276 1908 397 1953; x_wconf 89' lang='lat' dir='ltr'>manum,</span> <span class='ocrx_word' id='word_1_163' title='bbox 419 1893 581 1960; x_wconf 88' lang='lat' dir='ltr'>quibusdam</span> <span class='ocrx_word' id='word_1_164' title='bbox 592 1908 705 1944; x_wconf 87' lang='lat' dir='ltr'>suorum</span> <span class='ocrx_word' id='word_1_165' title='bbox 720 1893 829 1943; x_wconf 85' lang='lat' dir='ltr'>amissis</span> <span class='ocrx_word' id='word_1_166' title='bbox 839 1889 918 1944; x_wconf 78' lang='lat' dir='ltr'>harad</span> 
     </span>
     <span class='ocr_line' id='line_1_26' title="bbox 108 1959 916 2028; baseline -0.001 -16"><span class='ocrx_word' id='word_1_167' title='bbox 108 1975 210 2028; x_wconf 84' lang='lat' dir='ltr'>magno</span> <span class='ocrx_word' id='word_1_168' title='bbox 226 1960 342 2026; x_wconf 85' lang='lat' dir='ltr'>negotio</span> <span class='ocrx_word' id='word_1_169' title='bbox 360 1960 542 2011; x_wconf 86' lang='lat' dir='ltr'>reiectisunt.</span> <span class='ocrx_word' id='word_1_170' title='bbox 579 1959 603 2010; x_wconf 80' lang='grc'>3.</span> <span class='ocrx_word' id='word_1_171' title='bbox 623 1960 711 2011; x_wconf 89' lang='lat' dir='ltr'>Pauci</span> <span class='ocrx_word' id='word_1_172' title='bbox 730 1959 832 2011; x_wconf 91' lang='lat' dir='ltr'>deinde</span> <span class='ocrx_word' id='word_1_173' title='bbox 852 1960 916 2011; x_wconf 86' lang='lat' dir='ltr'>dies</span> 
     </span>
     <span class='ocr_line' id='line_1_27' title="bbox 107 2026 915 2094; baseline 0 -16"><span class='ocrx_word' id='word_1_174' title='bbox 107 2031 336 2086; x_wconf 88' lang='lat' dir='ltr'>intercesserant,</span> <span class='ocrx_word' id='word_1_175' title='bbox 359 2042 442 2092; x_wconf 90' lang='lat' dir='ltr'>quum</span> <span class='ocrx_word' id='word_1_176' title='bbox 459 2026 618 2078; x_wconf 80' lang='lat' dir='ltr'>Alexander</span> <span class='ocrx_word' id='word_1_177' title='bbox 637 2028 748 2080; x_wconf 89' lang='lat' dir='ltr'>obiecta</span> <span class='ocrx_word' id='word_1_178' title='bbox 767 2041 816 2093; x_wconf 91' lang='lat' dir='ltr'>spe</span> <span class='ocrx_word' id='word_1_179' title='bbox 832 2027 915 2094; x_wconf 89' lang='lat' dir='ltr'>Myn-</span> 
     </span>
     <span class='ocr_line' id='line_1_28' title="bbox 110 2093 915 2161; baseline -0.004 -14"><span class='ocrx_word' id='word_1_180' title='bbox 110 2096 236 2147; x_wconf 88' lang='lat' dir='ltr'>densium</span> <span class='ocrx_word' id='word_1_181' title='bbox 248 2093 350 2160; x_wconf 89' lang='lat' dir='ltr'>oppido</span> <span class='ocrx_word' id='word_1_182' title='bbox 362 2108 412 2159; x_wconf 91' lang='lat' dir='ltr'>per</span> <span class='ocrx_word' id='word_1_183' title='bbox 422 2094 608 2160; x_wconf 89' lang='lat' dir='ltr'>proditionem</span> <span class='ocrx_word' id='word_1_184' title='bbox 618 2095 760 2161; x_wconf 88' lang='lat' dir='ltr'>potiundi,</span> <span class='ocrx_word' id='word_1_185' title='bbox 779 2101 862 2144; x_wconf 90' lang='lat' dir='ltr'>nocte</span> <span class='ocrx_word' id='word_1_186' title='bbox 872 2095 915 2144; x_wconf 89' lang='lat' dir='ltr'>in-</span> 
     </span>
     <span class='ocr_line' id='line_1_29' title="bbox 108 2161 918 2230; baseline 0 -18"><span class='ocrx_word' id='word_1_187' title='bbox 108 2169 246 2230; x_wconf 91' lang='lat' dir='ltr'>tempesta</span> <span class='ocrx_word' id='word_1_188' title='bbox 257 2178 318 2213; x_wconf 92' lang='lat' dir='ltr'>cum</span> <span class='ocrx_word' id='word_1_189' title='bbox 329 2167 407 2226; x_wconf 86' lang='lat' dir='ltr'>parte</span> <span class='ocrx_word' id='word_1_190' title='bbox 419 2163 561 2229; x_wconf 88' lang='lat' dir='ltr'>copiarum</span> <span class='ocrx_word' id='word_1_191' title='bbox 575 2163 770 2230; x_wconf 87' lang='lat' dir='ltr'>proficiscitur.</span> <span class='ocrx_word' id='word_1_192' title='bbox 807 2161 863 2213; x_wconf 87' lang='lat' dir='ltr'>Sed</span> <span class='ocrx_word' id='word_1_193' title='bbox 873 2161 918 2212; x_wconf 91' lang='lat' dir='ltr'>ni-</span> 
     </span>
     <span class='ocr_line' id='line_1_30' title="bbox 108 2227 917 2347; baseline 0 -69"><span class='ocrx_word' id='word_1_194' title='bbox 108 2227 151 2280; x_wconf 91' lang='lat' dir='ltr'>bil</span> <span class='ocrx_word' id='word_1_195' title='bbox 170 2245 307 2347; x_wconf 51' lang='lat' dir='ltr'>quopuam</span> <span class='ocrx_word' id='word_1_196' title='bbox 325 2236 465 2292; x_wconf 86' lang='lat' dir='ltr'>movente,</span> <span class='ocrx_word' id='word_1_197' title='bbox 485 2229 599 2282; x_wconf 87' lang='lat' dir='ltr'>admota</span> <span class='ocrx_word' id='word_1_198' title='bbox 612 2231 689 2298; x_wconf 80' lang='lat' dir='ltr'>gravi</span> <span class='ocrx_word' id='word_1_199' title='bbox 703 2235 843 2281; x_wconf 86' lang='lat' dir='ltr'>armatura</span> <span class='ocrx_word' id='word_1_200' title='bbox 855 2244 917 2279; x_wconf 89' lang='lat' dir='ltr'>mu·</span> 
     </span>
     <span class='ocr_line' id='line_1_31' title="bbox 107 2293 918 2364; baseline -0.004 -16"><span class='ocrx_word' id='word_1_201' title='bbox 107 2311 169 2348; x_wconf 88' lang='lat' dir='ltr'>rum</span> <span class='ocrx_word' id='word_1_202' title='bbox 184 2314 216 2348; x_wconf 91' lang='lat' dir='ltr'>su</span> <span class='ocrx_word' id='word_1_203' title='bbox 241 2297 288 2348; x_wconf 89' lang='lat' dir='ltr'>odi</span> <span class='ocrx_word' id='word_1_204' title='bbox 301 2297 430 2363; x_wconf 85' lang='lat' dir='ltr'>imperat:</span> <span class='ocrx_word' id='word_1_205' title='bbox 451 2312 541 2364; x_wconf 89' lang='lat' dir='ltr'>neque</span> <span class='ocrx_word' id='word_1_206' title='bbox 556 2299 628 2349; x_wconf 89' lang='lat' dir='ltr'>enim</span> <span class='ocrx_word' id='word_1_207' title='bbox 643 2299 733 2348; x_wconf 85' lang='lat' dir='ltr'>scales</span> <span class='ocrx_word' id='word_1_208' title='bbox 749 2303 797 2348; x_wconf 89' lang='lat' dir='ltr'>aut</span> <span class='ocrx_word' id='word_1_209' title='bbox 810 2293 918 2348; x_wconf 80' lang='lat' dir='ltr'>maehi-</span> 
     </span>
     <span class='ocr_line' id='line_1_32' title="bbox 68 2364 918 2432; baseline 0 -18"><span class='ocrx_word' id='word_1_210' title='bbox 68 2385 72 2394; x_wconf 66' lang='lat'><strong><em>¹</em></strong></span> <span class='ocrx_word' id='word_1_211' title='bbox 108 2378 160 2414; x_wconf 87' lang='lat' dir='ltr'>nas</span> <span class='ocrx_word' id='word_1_212' title='bbox 171 2364 315 2426; x_wconf 82' lang='lat' dir='ltr'>attulerat,</span> <span class='ocrx_word' id='word_1_213' title='bbox 337 2379 418 2430; x_wconf 85' lang='lat' dir='ltr'>quum</span> <span class='ocrx_word' id='word_1_214' title='bbox 430 2366 609 2432; x_wconf 80' lang='lat' dir='ltr'>oppugnandi</span> <span class='ocrx_word' id='word_1_215' title='bbox 622 2365 740 2416; x_wconf 87' lang='lat' dir='ltr'>consilio</span> <span class='ocrx_word' id='word_1_216' title='bbox 751 2366 847 2415; x_wconf 85' lang='lat' dir='ltr'>urbem</span> <span class='ocrx_word' id='word_1_217' title='bbox 858 2377 918 2414; x_wconf 85' lang='lat' dir='ltr'>non</span> 
     </span>
     <span class='ocr_line' id='line_1_33' title="bbox 110 2431 917 2498; baseline 0.001 -19"><span class='ocrx_word' id='word_1_218' title='bbox 110 2431 286 2480; x_wconf 87' lang='lat' dir='ltr'>accessisset.</span> <span class='ocrx_word' id='word_1_219' title='bbox 321 2432 346 2481; x_wconf 84' lang='lat'>4.</span> <span class='ocrx_word' id='word_1_220' title='bbox 366 2432 401 2482; x_wconf 85' lang='lat' dir='ltr'>Et</span> <span class='ocrx_word' id='word_1_221' title='bbox 410 2433 455 2482; x_wconf 93' lang='lat' dir='ltr'>illi</span> <span class='ocrx_word' id='word_1_222' title='bbox 465 2434 589 2498; x_wconf 86' lang='lat' dir='ltr'>quidem,</span> <span class='ocrx_word' id='word_1_223' title='bbox 603 2447 659 2483; x_wconf 89' lang='lat' dir='ltr'>una</span> <span class='ocrx_word' id='word_1_224' title='bbox 667 2433 783 2483; x_wconf 89' lang='lat' dir='ltr'>turrium</span> <span class='ocrx_word' id='word_1_225' title='bbox 795 2431 917 2492; x_wconf 83' lang='lat' dir='ltr'>deiecta,</span> 
     </span>
     <span class='ocr_line' id='line_1_34' title="bbox 108 2495 916 2567; baseline 0 -19"><span class='ocrx_word' id='word_1_226' title='bbox 108 2495 180 2548; x_wconf 89' lang='lat' dir='ltr'>nibil</span> <span class='ocrx_word' id='word_1_227' title='bbox 191 2503 283 2549; x_wconf 87' lang='lat' dir='ltr'>tamen</span> <span class='ocrx_word' id='word_1_228' title='bbox 293 2505 460 2563; x_wconf 92' lang='lat' dir='ltr'>aperuerunt</span> <span class='ocrx_word' id='word_1_229' title='bbox 469 2501 535 2563; x_wconf 88' lang='lat' dir='ltr'>loci,</span> <span class='ocrx_word' id='word_1_230' title='bbox 547 2516 601 2567; x_wconf 88' lang='lat' dir='ltr'>quo</span> <span class='ocrx_word' id='word_1_231' title='bbox 612 2501 686 2550; x_wconf 92' lang='lat' dir='ltr'>intra</span> <span class='ocrx_word' id='word_1_232' title='bbox 695 2504 916 2567; x_wconf 82' lang='lat' dir='ltr'>perrumperent.</span> 
     </span>
     <span class='ocr_line' id='line_1_35' title="bbox 108 2563 917 2634; baseline -0.001 -18"><span class='ocrx_word' id='word_1_233' title='bbox 108 2563 178 2616; x_wconf 88' lang='lat' dir='ltr'>Nam</span> <span class='ocrx_word' id='word_1_234' title='bbox 188 2563 262 2615; x_wconf 85' lang='lat' dir='ltr'>forte</span> <span class='ocrx_word' id='word_1_235' title='bbox 277 2565 317 2614; x_wconf 89' lang='lat' dir='ltr'>ita</span> <span class='ocrx_word' id='word_1_236' title='bbox 333 2567 493 2632; x_wconf 88' lang='lat' dir='ltr'>prociderat</span> <span class='ocrx_word' id='word_1_237' title='bbox 505 2567 599 2630; x_wconf 87' lang='lat' dir='ltr'>turris,</span> <span class='ocrx_word' id='word_1_238' title='bbox 620 2573 659 2629; x_wconf 90' lang='lat' dir='ltr'>ut,</span> <span class='ocrx_word' id='word_1_239' title='bbox 677 2583 758 2634; x_wconf 87' lang='lat' dir='ltr'>quam</span> <span class='ocrx_word' id='word_1_240' title='bbox 772 2580 917 2618; x_wconf 86' lang='lat' dir='ltr'>murorum</span> 
     </span>
     <span class='ocr_line' id='line_1_36' title="bbox 107 2632 917 2700; baseline 0.002 -18"><span class='ocrx_word' id='word_1_241' title='bbox 107 2638 216 2698; x_wconf 85' lang='lat' dir='ltr'>partem</span> <span class='ocrx_word' id='word_1_242' title='bbox 227 2639 302 2682; x_wconf 83' lang='lat' dir='ltr'>stans</span> <span class='ocrx_word' id='word_1_243' title='bbox 313 2641 481 2698; x_wconf 86' lang='lat' dir='ltr'>protexerat,</span> <span class='ocrx_word' id='word_1_244' title='bbox 494 2649 549 2685; x_wconf 92' lang='lat' dir='ltr'>non</span> <span class='ocrx_word' id='word_1_245' title='bbox 559 2637 649 2686; x_wconf 86' lang='lat' dir='ltr'>minus</span> <span class='ocrx_word' id='word_1_246' title='bbox 659 2636 740 2685; x_wconf 84' lang='lat' dir='ltr'>ruina</span> <span class='ocrx_word' id='word_1_247' title='bbox 749 2636 867 2700; x_wconf 84' lang='lat' dir='ltr'>sepiret:</span> <span class='ocrx_word' id='word_1_248' title='bbox 887 2632 917 2684; x_wconf 77' lang='lat' dir='ltr'>b.</span> 
     </span>
     <span class='ocr_line' id='line_1_37' title="bbox 109 2699 921 2766; baseline 0.004 -18"><span class='ocrx_word' id='word_1_249' title='bbox 109 2699 240 2766; x_wconf 88' lang='lat' dir='ltr'>civesque</span> <span class='ocrx_word' id='word_1_250' title='bbox 254 2715 360 2749; x_wconf 91' lang='lat' dir='ltr'>summa</span> <span class='ocrx_word' id='word_1_251' title='bbox 375 2715 427 2766; x_wconf 89' lang='lat' dir='ltr'>ope</span> <span class='ocrx_word' id='word_1_252' title='bbox 441 2701 623 2759; x_wconf 85' lang='lat' dir='ltr'>resistebant,</span> <span class='ocrx_word' id='word_1_253' title='bbox 644 2708 672 2752; x_wconf 88' lang='lat' dir='ltr'>et</span> <span class='ocrx_word' id='word_1_254' title='bbox 686 2703 720 2752; x_wconf 89' lang='lat' dir='ltr'>ab</span> <span class='ocrx_word' id='word_1_255' title='bbox 736 2701 921 2752; x_wconf 80' lang='lat' dir='ltr'>Halicarnas-</span> 
     </span>
     <span class='ocr_line' id='line_1_38' title="bbox 109 2767 920 2841; baseline 0.004 -26"><span class='ocrx_word' id='word_1_256' title='bbox 109 2767 237 2818; x_wconf 86' lang='lat' dir='ltr'>sensibus</span> <span class='ocrx_word' id='word_1_257' title='bbox 248 2767 457 2841; x_wconf 70' lang='lat' dir='ltr'>admirabantur,</span> <span class='ocrx_word' id='word_1_258' title='bbox 473 2782 552 2834; x_wconf 90' lang='lat' dir='ltr'>quos,</span> <span class='ocrx_word' id='word_1_259' title='bbox 567 2769 663 2821; x_wconf 86' lang='lat' dir='ltr'>addito</span> <span class='ocrx_word' id='word_1_260' title='bbox 673 2769 781 2819; x_wconf 77' lang='lat' dir='ltr'>vicinae</span> <span class='ocrx_word' id='word_1_261' title='bbox 791 2767 920 2818; x_wconf 79' lang='lat' dir='ltr'>civitatis</span> 
     </span>
    </p>
   </div>
   <div class='ocr_carea' id='block_1_4' title="bbox 0 0 1032 3030">
    <p class='ocr_par' dir='ltr' id='par_1_5' title="bbox 0 0 1032 3030">
     <span class='ocr_line' id='line_1_39' title="bbox 0 0 1032 3030; baseline 0 2"><span class='ocrx_word' id='word_1_262' title='bbox 0 0 1032 3030; x_wconf 95' lang='lat' dir='ltr'> </span> 
     </span>
    </p>
   </div>
  </div>
 </body>
</html>
