2082 3042
128 187 176 240 352
346 180 520 245 QUINTI
548 181 714 232 culturi

128 287 229 342 hioulis
249 284 411 336 circumfusi
434 290 622 350 repugnantes
644 282 744 336 fodere
769 294 934 349 coeperunt·

129 357 170 406 17.
189 355 226 406 lit
236 353 356 415 vincula,
369 355 430 419 quis
440 357 571 403 conserta
582 358 670 415 erant,
680 352 765 402 iussit
773 351 872 413 incidi,
878 366 934 418 quo

127 421 240 475 facilius
258 420 370 488 singula
383 418 657 470 circumvenirentur.
692 418 935 486 ltaqueVlllmil-

126 490 201 542 libus
221 501 334 540 cuorum
354 487 463 538 emissis
482 487 512 538 in
530 485 660 554 oppidum
680 485 854 554 refugerunt.
893 487 934 538 18.

126 557 247 610 Postero
258 556 315 619 die,
336 554 420 606 scalis
430 552 552 620 undique
563 553 692 616 admotis,
712 556 784 605 muri
796 568 934 620 occupan-

126 631 180 677 tur.
217 623 318 675 Paucis
329 622 481 690 pernicitas
491 620 577 672 saluti
586 620 647 683 luit,
661 621 718 689 qui,
729 622 844 689 cognito
855 621 933 672 urbis

128 691 249 754 excidio,
259 691 388 758 paludem
399 695 587 752 transnavere,
599 695 628 740 et
637 689 667 739 iu
679 688 770 740 vicina
781 688 884 757 oppida
892 688 934 737 in·

148 765 240 810 entem
257 757 378 809 intulere
399 763 545 820 terrorem,
564 755 699 808 invictum'
718 757 884 816 exercitum,
905 759 935 804 et

128 776 393 894 {eorumproiectq
414 824 561 875 advenisse
573 831 769 876 memorantes.
807 822 846 874 19.
867 819 934 873 Ale-

128 895 243 956 xander,
263 893 300 944 ad
318 891 482 944 vastandam
498 905 559 943 eam
570 893 715 960 regionem
726 889 861 940 Perdicca
871 903 935 941 eunt

129 962 260 1028 expedita
269 975 352 1011 manu
363 962 463 1023 ndsso,
482 964 589 1027 partem
601 959 743 1026 copiarum
753 957 869 1009 Eumeni
879 963 935 1011 tra-

130 1028 210 1093 didit,
231 1029 300 1080 uiis
318 1042 428 1096 quoque
438 1027 574 1078 barbaros
584 1026 620 1078 ad
630 1025 800 1078 deditionem
812 1024 936 1093 compel-

129 1097 214 1150 leret:
234 1097 296 1163 ipse
308 1101 418 1147 eeteros
429 1094 464 1145 ad
474 1093 570 1146 urbem
581 1094 717 1156 validam,
736 1095 857 1162 inquam
868 1093 937 1144 alia·

129 1181 191 1217 rum
207 1177 317 1232 quoque
332 1161 517 1230 confugerant
526 1162 646 1226 incolae,
667 1162 755 1213 duxit.
790 1164 831 1213 lli.
852 1159 937 1229 lippi-

131 1234 204 1293 dani,
225 1231 327 1291 missis,
348 1230 396 1297 qui
404 1243 501 1296 regern
510 1228 736 1296 deprecarentur,
755 1226 937 1280 nihilominus

129 1298 234 1350 bellum
244 1296 394 1362 parabant:
414 1297 515 1364 quippe
527 1303 589 1347 orta
599 1297 701 1349 seditio
712 1296 741 1347 in
752 1296 863 1348 diversa
872 1311 939 1348 con-

131 1365 196 1417 silia
205 1363 354 1414 diduxerat
362 1362 488 1431 vulgum:
500 1363 550 1414 aiii
563 1365 655 1416 omnia
664 1364 807 1416 deditione
816 1365 940 1430 potiora,
1033 1415 1034 1426 ,

131 1430 242 1551 quidam
253 1431 356 1483 nullam
367 1445 447 1498 opem
457 1432 487 1482 in
496 1432 565 1500 ipsis
577 1447 641 1484 esse
651 1432 797 1484 ducebant.
825 1433 868 1482 21.
881 1429 939 1484 Sed

152 1515 196 1551 um
209 1497 282 1551 ninii
295 1501 324 1551 in
338 1515 483 1552 commune
494 1501 659 1562 consulitur,
680 1499 727 1567 qui
739 1499 877 1551 deditioni
888 1500 939 1551 im·

130 1566 285 1630 minebaut,
300 1567 404 1636 apertis
414 1568 502 1634 portis
513 1566 621 1619 hostem
632 1569 778 1648 rccipiunt.
813 1569 857 1618 22.
875 1566 939 1619 Ale·

129 1637 246 1699 xander,
267 1649 430 1702 quamquem
441 1635 509 1687 beili
520 1635 681 1687 auctoribus
690 1650 751 1686 rure
761 1639 873 1703 poterat
883 1635 938 1688 ira·
1032 1661 1033 1680 κ

131 1703 181 1767 sci,
203 1710 296 1755 tamen
317 1703 445 1755 omnibus
466 1703 548 1753 venia
563 1703 636 1766 data,
657 1708 685 1754 et
700 1702 844 1754 obsidibus
858 1717 938 1756 acce·
1032 1707 1033 1714 ³

149 1772 197 1834 tis,
217 1771 252 1822 ad
267 1773 421 1838 proximam
436 1770 537 1822 deinde
552 1770 649 1821 urbem
659 1777 753 1821 castro
762 1772 858 1823 morit.
895 1770 937 1823 28.
1032 1777 1033 1801 ¹

130 1787 253 1891 {insides
265 1838 437 1890 ducebantur
447 1843 512 1890 ante
522 1852 631 1906 agmen.
670 1839 747 1900 Quos
758 1853 842 1907 quum
853 1852 869 1890 s
880 1853 938 1890 mu·

130 1906 170 1958 ris
181 1906 370 1974 agnovissent,
376 1907 576 1974 utpotegentis
587 1905 754 1968 eiusdem,in
766 1906 939 1974 colloquium

132 1980 367 2027 convocaverunt.
395 1972 450 2036 llli,
461 1973 636 2025 clementiam
647 1975 723 2042 regis
734 1973 872 2042 simulque
882 1973 937 2026 rim
1031 2003 1032 2052 3

132 2041 386 2103 commemorando,
408 2039 443 2091 ad
456 2040 627 2092 deditionem
636 2056 685 2093 eos
697 2042 870 2110 compulere:
894 2056 938 2094 ce·

131 2109 263 2228 {qraqque
278 2108 360 2188 urbes
375 2108 472 2228 similis
472 2108 677 2226 molqodeditas
687 2112 716 2162 in
726 2111 808 2162 fldem
819 2109 936 2179 accepit.

131 2177 938 2315 ..tantillitati.it.1ti:lttt:ttttttt..⁰tiz

131 2317 186 2361 tur.
223 2311 264 2362 25.
286 2310 404 2362 Genitos
417 2310 524 2363 liberos
536 2328 591 2366 non
601 2319 745 2380 parentum
755 2314 874 2366 arbitrio
886 2313 937 2366 tol·

131 2377 194 2428 lunt
203 2378 345 2444 aiuntque,
356 2379 406 2430 scd
416 2380 628 2449 eorum‚quibus
639 2381 783 2448 spectandi
792 2381 938 2434 infantium
1030 2373 1031 2390 ¹

132 2440 537 2500 habitumeuramandataest
574 2448 938 2518 Siqucsinslgnesautsli·
1029 2491 1030 2496 κ

131 2527 187 2579 qua
197 2513 382 2565 membrorum
393 2521 472 2582 parte
483 2516 597 2569 inutiles
607 2523 783 2581 notaverunt,
791 2517 887 2570 necari
897 2517 937 2568 iu-

130 2578 207 2633 bent.
243 2579 285 2631 aa
304 2579 415 2648 Nuptiis
426 2587 537 2648 coeunt,
556 2599 734 2652 uon-genere
748 2601 781 2638 ac
790 2585 938 2638 nobilitate

132 2649 298 2710 coniunctis,
318 2648 629 2719 sedelectacorporum
641 2655 745 2721 specie,
766 2653 831 2720 quia
841 2653 940 2706 eadem
1029 2699 1030 2714 ,

133 2715 296 2767 aestimatur
305 2717 334 2768 iu
343 2715 450 2771 liberis.
478 2721 521 2773 2⁷.
533 2720 624 2773 liuius
636 2725 729 2790 gentis
740 2721 881 2790 oppidum,
895 2722 940 2774 cui
