2082 3042
332 196 476 247 urana
503 197 568 250 vu.
598 197 692 248 cnr.
721 201 745 249 2.
887 196 936 250 ars
970 166 972 170 Α
1023 173 1024 176 ’

133 307 221 362 ratus,
243 299 550 365 depositavestequam
567 295 695 360 habebat,
714 301 832 350 *arabica
848 300 937 350 indui-

135 375 189 419 tur.
227 365 267 415 18.
286 365 349 415 Duo
364 366 477 428 Arabes,
499 381 615 432 quorum
631 366 740 416 interim
759 369 893 434 coniuges
905 383 938 417 ac

135 435 227 494 liberi,
240 433 377 483 vinculum
388 432 582 495 fidei,obsides
593 432 666 498 apud
675 448 770 500 regern
781 443 868 497 erant,
879 435 939 485 dati

135 503 263 552 comites.
282 499 338 552 Per
347 501 460 552 deserta
470 501 554 550 etiam
566 500 602 550 ob
613 499 767 550 siceitatem
777 501 839 552 loca
849 517 938 552 eanre-

136 571 181 630 lis,
201 568 346 620 undecima
357 569 412 630 die,
432 582 486 634 quo
505 567 859 632 destinaveratperrenit.
898 569 937 620 19.

136 637 173 686 Et
190 636 266 702 prius
279 651 360 702 quam
380 635 468 702 ipsius
486 636 662 686 nuntiaretur
681 634 824 693 adrentus,
844 651 939 686 rursus

137 702 305 770 Polydamas
314 709 420 753 vestem
430 701 642 752 Macedonicam
653 704 748 763 sumit,
769 709 798 753 et
811 703 839 751 in
849 703 938 754 taber·

136 771 264 821 naculum
280 769 412 822 Cleandri
432 770 559 834 (praetor
579 766 624 818 hie
644 769 739 834 regius
754 769 824 829 erat)
842 779 939 835 quarta

136 839 234 906 vigilia
244 837 380 904 pervenit
416 838 460 886 20:
477 835 604 885 Redditis
616 835 716 886 deinde
726 835 826 897 literis,
839 840 939 887 eonsti-

136 913 250 956 tuerunt
260 906 349 970 prima
357 903 421 953 luce
435 902 470 952 ad
481 901 693 953 Parmenionem
711 903 799 954 coire:
822 918 938 969 namque

136 973 225 1024 reteri
236 986 359 1038 quoque,
371 970 470 1036 quihus
481 970 579 1021 literas
590 972 665 1036 regis
676 970 820 1031 attulerat,
832 970 866 1019 ad
878 985 940 1021 eum

136 1039 248 1090 venturi
258 1043 350 1088 erant:
361 1053 443 1104 quum
452 1036 841 1104 ParmenioniPolydamanta
851 1039 940 1088 venis·
1023 1099 1024 1106 ἵ

138 1122 171 1157 se
179 1107 384 1156 nuntiaverunt.
419 1107 461 1156 al.
474 1105 528 1166 Qui
538 1104 602 1156 dum
612 1106 733 1156 laetatur
742 1106 863 1156 adventu
875 1106 941 1156 urni-

136 1175 172 1235 oi,
183 1173 320 1239 simulque
330 1173 551 1240 noscendi‚quae
562 1188 611 1224 rex
623 1180 729 1241 ageret,
735 1174 842 1236 avidus,
850 1174 941 1240 (quip-

135 1256 170 1308 pe
185 1241 270 1306 longo
285 1240 433 1292 intervallo
451 1241 553 1292 nullam
569 1240 603 1291 ab
621 1255 654 1292 eo
667 1242 813 1306 epistolam
825 1255 940 1307 aecepe-

135 1309 190 1369 rat)
203 1307 406 1374 Polydamanta
415 1309 521 1375 requiri
534 1309 621 1360 iubet.
657 1311 698 1360 22.
720 1309 883 1360 lliversoria
897 1325 939 1360 re·

135 1375 228 1444 gionis
246 1376 323 1427 illius
344 1391 459 1442 magnos
474 1391 603 1427 recessus
618 1376 730 1441 habent,
749 1391 939 1444 amoenosque

135 1443 294 1494 nemoribus
305 1459 388 1494 manu
398 1444 528 1494 consitis:
542 1459 575 1494 ea
585 1446 733 1511 praecipue
743 1460 840 1512 regum
852 1453 939 1495 satra-

155 1525 287 1577 arunrqup
299 1511 426 1574 voluptas
438 1517 507 1560 erat.
543 1511 584 1560 23.
596 1510 775 1576 Spatiabatur
783 1515 813 1562 in
823 1527 938 1562 nemore

136 1527 297 1637 Parmenio,
316 1575 424 1626 medius
434 1576 508 1626 inter
517 1577 613 1638 duces,
634 1577 732 1644 quibus
749 1587 809 1629 erat
822 1580 940 1644 impera·

105 1705 107 1710 ,
135 1652 195 1696 turn
207 1643 297 1693 literis
307 1643 396 1709 regis,
406 1648 437 1692 ut
448 1642 618 1694 occiderent.
654 1646 784 1712 Agendae
796 1647 938 1696 antenorei

136 1711 343 1764 constituerant
352 1715 469 1774 tempus,
481 1724 564 1775 quum
574 1709 721 1762 Parmenio
733 1710 940 1777 aPolydaman·

135 1787 165 1831 te
176 1780 274 1829 literas
285 1777 403 1827 traditas
414 1776 440 1827 le
463 1790 509 1826 ere
524 1777 674 1842 coepisset.
710 1777 751 1826 24.
771 1777 939 1842 Polydamas

136 1846 237 1915 proeul
247 1844 370 1904 veniens,
382 1851 413 1894 ut
423 1860 440 1894 a
474 1845 634 1894 armenione
645 1851 810 1910 conspectus
823 1851 874 1906 est,
883 1845 940 1895 vul-

136 1923 169 1967 tu
178 1913 305 1964 laetitiae
316 1911 437 1978 speeiem
448 1909 634 1978 praeferente,
656 1911 690 1961 ad
701 1911 939 1979 complectendum

137 1998 201 2033 eum
212 1980 346 2041 oucurrit;
356 1987 505 2046 mutuaque
517 1979 704 2046 gratulatione
716 1978 812 2041 iuncti,
820 1978 940 2097 Polpda-

137 2065 198 2101 mas
209 2047 356 2115 epistolam
367 2049 402 2098 ab
412 2063 479 2115 rege
491 2050 620 2114 scriptam
632 2048 659 2097 ei
669 2047 792 2098 tradidit.
828 2047 868 2096 25.
899 2061 940 2097 ar-

136 2118 231 2169 menio
241 2115 380 2166 vinculum
391 2116 527 2180 epistolae
538 2114 660 2178 solvens,
672 2116 804 2182 quidnam
813 2129 865 2166 rex
875 2129 939 2182 age-

137 2192 191 2247 ret,
202 2181 370 2249 requirebat
399 2182 450 2232 llle
462 2198 497 2234 ex
505 2183 575 2248 ipsis
587 2183 678 2234 literis
690 2182 864 2249 cogniturum
877 2197 938 2233 esse

137 2251 292 2319 respondit
329 2250 371 2301 26.
383 2250 489 2311 Quibus
501 2249 648 2301 Parmenio
659 2249 750 2311 lectis,
762 2248 937 2317 Rex,.inquit,

139 2317 330 2386 expeditionem
345 2325 429 2388 porat
447 2316 476 2367 in
491 2316 661 2369 Arachosios.
698 2316 840 2370 Strenuum
854 2318 938 2370 homi·

138 2401 207 2448 nem,
228 2394 254 2437 et
265 2400 401 2453 nunquam
413 2386 570 2436 cessantem!
584 2385 637 2436 Sed
646 2395 755 2451 tempor,
774 2386 855 2437 saluti
866 2403 939 2447 tuoe,

139 2460 216 2504 tanta
226 2453 371 2520 lamperto
378 2450 480 2522 gloria,
486 2467 609 2518 parcere.
645 2455 686 2502 27.
705 2453 826 2505 Alteram
837 2453 938 2505 deinde

138 2521 295 2588 epistolam,
315 2519 445 2572 Philotae
459 2522 577 2571 nomine.
585 2520 724 2588 scriptam,
744 2520 845 2584 laetus,
865 2521 940 2587 quod
959 2555 961 2560 -

136 2603 174 2640 ex
193 2588 271 2638 vultu
289 2589 381 2640 notari
402 2594 520 2655 poterat,
542 2588 662 2654 legebat.
699 2590 769 2639 Tum
788 2593 849 2639 eius
865 2587 938 2638 latus

136 2656 233 2724 gladio
246 2654 338 2706 haurit
348 2656 492 2718 Cleander,
505 2656 605 2708 deinde
616 2657 739 2724 iugulum
751 2655 831 2719 lerit3
851 2657 938 2706 ceteri

135 2723 294 2841 exanimem
305 2739 413 2792 quoque
425 2723 596 2778 confodiunt.
633 2726 674 2776 28.
694 2725 730 2776 Et
740 2724 880 2790 armigeri,
892 2724 939 2790 qui

201 2803 337 2843 unrrus
731 2792 739 2810 “
