2098 3040
301 203 449 252 LIBER
476 203 526 252 tx.
559 206 652 256 cnP.
680 209 704 258 4.
733 209 756 257 5.
880 211 930 262 iot

121 305 252 373 plerique
263 302 456 371 confugerant,
466 304 540 355 baud
551 307 656 356 maiore
668 307 770 359 liducia
778 313 928 373 moenium,

123 386 365 440 quamarmorum.
400 375 442 422 2⁷.
463 373 518 422 lam
529 372 696 424 admovebat
705 389 766 436 rex,
786 394 867 445 quum
883 395 927 432 ra-

122 447 168 490 tes
188 453 302 490 monere
322 455 384 490 eum
404 441 507 507 coepit,
529 455 563 490 ne
578 442 773 505 committeret,
793 453 927 500 autcertc

123 504 253 558 differret
268 507 454 558 obsidionem:
474 507 548 557 vitae
565 508 625 558 eius
638 508 791 574 periculum
807 515 925 566 ostendi.

122 574 166 626 28.
190 574 252 625 Rex
268 572 485 640 Demophoonta
504 575 541 634 (is
561 590 678 641 namque
698 582 777 626 vates
796 584 867 641 erat)
885 584 926 633 iu·

121 648 214 702 tuens,
225 639 257 690 a·
267 640 332 719 puis,
343 642 474 708 inquitte
484 640 541 691 orti
549 649 612 694 tuoe
622 642 753 693 intentum
764 650 791 694 et
799 653 860 694 exto
870 661 926 711 ape-

121 715 239 760 ctmttem
249 724 288 759 tec
297 707 461 774 interpellet:
475 724 529 758 non
538 708 662 770 dubitem,
675 709 739 777 quin
747 707 926 763 incornncodua

121 777 289 830 aemulentur
298 775 384 826 uideri
394 773 444 826 tibi
449 774 542 840 possit.
552 775 593 825 29.
602 777 636 827 Et
647 793 729 844 quum
741 777 789 828 illc
799 779 840 828 ita
850 794 926 844 pror-

120 861 169 896 sus
179 844 302 896 futurum
313 843 518 908 respondisset3
530 841 869 911 Carmena,inquit‚tontoe
877 861 927 908 res,

121 927 176 962 non
181 908 418 978 pecudumflbrm,
425 917 487 962 onte
499 910 801 972 concatenationum
811 928 865 964 eree
872 929 937 964 ma·-

118 977 160 1028 e'us
170 975 400 1042 impedimentum,
421 991 500 1044 quam
509 985 596 1028 votem
605 978 792 1044 superstitione
804 983 928 1046 captumst

120 1045 162 1099 ab.
181 1043 241 1094 Nec
252 1043 357 1094 diutius
368 1057 449 1110 quam
465 1045 611 1110 respondit
627 1053 760 1108 moratus,
784 1047 926 1098 admoveri

119 1110 314 1163 iubetscalae:
335 1113 585 1178 cunctantibusque
599 1113 701 1164 ceteris
718 1114 812 1165 evadit
827 1115 853 1164 in
871 1130 927 1164 mu-

120 1195 193 1234 t'tun.v
225 1180 352 1245 Angusta
360 1180 431 1230 nturi
442 1179 547 1230 corona
558 1187 629 1231 erat:
651 1196 706 1232 non
721 1182 831 1248 pinnae,
855 1183 928 1232 sicut

119 1247 196 1308 alibi,
209 1245 354 1314 fastigium
366 1247 425 1298 eius
437 1247 634 1315 distinxerant3
655 1250 705 1299 sed
717 1256 851 1316 perpetua
862 1249 927 1300 lori·

119 1329 153 1364 ca
164 1313 287 1367 obductu
295 1315 442 1366 transitum
453 1321 587 1381 sepserat.
611 1316 652 1366 31.
663 1316 759 1384 lneque
770 1333 819 1368 rex
831 1315 927 1368 haere·

118 1381 277 1447 helmegis,
297 1397 378 1448 quam
390 1383 520 1434 stabatin
532 1385 667 1451 margine,
687 1385 787 1450 clypeo
802 1385 925 1452 undique

119 1449 274 1500 incidentia
288 1449 347 1498 tela
360 1449 541 1514 propulsata
561 1466 624 1500 nam
641 1451 762 1516 undique
773 1453 880 1503 antinus
890 1467 925 1503 er

118 1515 244 1568 turribus
255 1515 411 1579 petebatur.
448 1516 488 1565 32.
500 1515 558 1564 Neo
568 1517 662 1566 subire
672 1519 775 1568 milites
787 1525 926 1583 poterant,

121 1583 188 1650 quia
198 1595 317 1646 superne
328 1581 356 1631 vi
367 1582 487 1632 talorum
498 1582 694 1633 obruebantur.
730 1585 855 1634 Tandem
870 1601 925 1636 ma-

120 1648 296 1718 gnitudinem
315 1648 435 1715 periculi
450 1649 541 1714 pudor
552 1649 632 1700 vicit:
653 1649 754 1716 quippe
766 1651 925 1713 cernebant,

120 1718 301 1768 cunctatione
320 1731 372 1768 sua
391 1715 456 1766 dedi
476 1713 603 1766 hostibus
618 1730 722 1782 regem.
759 1717 800 1768 33.
820 1717 876 1775 Sed
887 1717 934 1768 ie»

120 1783 251 1837 stinando
263 1783 443 1834 morabantur
454 1783 567 1834 auxilia.
594 1781 664 1832 Nam
674 1782 738 1834 dum
750 1798 799 1848 pro
812 1798 843 1834 se
851 1787 926 1850 quis·

120 1867 174 1920 que
186 1857 276 1902 certat
286 1851 415 1913 evadere,
428 1864 580 1901 onerarere
591 1850 694 1912 scalam
714 1855 775 1916 quis
787 1866 842 1900 non
853 1853 926 1904 sulii-

119 1920 269 1980 cientibus,
289 1919 426 1981 devoluti,
446 1919 555 1969 unicam
575 1932 652 1983 spem
666 1917 742 1984 regis
754 1916 926 1970 fefellerunt.

120 1985 220 2040 Stabat
231 1986 343 2038 enimin
354 1992 507 2054 conspectu
517 1985 586 2054 tanti
597 1985 747 2049 exercitus,
757 1985 873 2037 velutin
883 2001 927 2036 so·

118 2053 238 2109 litudine
251 2053 410 2105 destitutus.

170 2120 205 2173 V.
225 2120 338 2187 lamque
347 2121 464 2182 laevam,
477 2136 532 2188 qua
543 2120 670 2187 clypeum
681 2121 716 2172 ad
726 2123 798 2172 ictus
811 2119 927 2171 circum·

119 2189 241 2250 ferebat,
258 2188 425 2251 lassaverat,
441 2189 623 2240 clamantibus
634 2189 741 2250 amicis,
763 2193 793 2238 ut
803 2187 838 2238 ad
849 2188 928 2254 ipsos

120 2258 258 2319 desiliret,
280 2255 445 2322 stabantque
457 2257 612 2322 exceptum
633 2271 715 2322 quum
732 2256 782 2306 ille
801 2270 860 2306 rem
879 2271 926 2307 au·

121 2341 168 2376 sus
180 2331 224 2376 est
232 2323 427 2376 incredibilem
439 2329 521 2389 atque
532 2323 693 2384 inauditam,
716 2323 859 2390 multoque
869 2339 925 2375 ma-

120 2393 165 2459 gis
179 2393 215 2444 ad
228 2391 331 2443 tamam
347 2390 524 2453 temeritatis,
544 2405 625 2457 quam
637 2390 755 2456 gloriae,
775 2390 923 2460 insignem.

119 2463 144 2512 2.
161 2457 285 2526 Namque
296 2461 324 2511 in
335 2460 432 2511 urbem
442 2457 563 2510 hostium
576 2459 683 2524 planam
695 2460 840 2526 praecipiti
853 2459 926 2510 aalbu

119 2529 269 2592 semetipsa
289 2527 417 2590 immisit3
438 2542 520 2594 quum
536 2526 582 2577 vix
597 2539 710 2592 sperare
720 2533 826 2594 posset,
848 2525 926 2575 dimi-

117 2600 229 2646 cantem
237 2599 323 2658 certe,
329 2602 358 2646 et
367 2610 424 2646 non
436 2595 554 2647 inultum
565 2607 628 2644 cese
638 2595 813 2646 moriturums
825 2592 926 2661 quippe

117 2668 267 2730 antequam
278 2678 359 2714 assur
379 2669 448 2726 eret,
461 2663 580 2730 opprimi
590 2668 713 2728 poterat,
725 2667 754 2712 et
764 2661 826 2728 capi
836 2660 924 2712 drus.

116 2729 144 2780 3.
163 2729 218 2782 Sed
230 2728 305 2780 torte
317 2677 520 2783 italibrarerat
530 2745 645 2796 corpus,
665 2736 697 2782 ut
709 2743 741 2781 se
751 2727 868 2794 pedibus
879 2744 926 2780 ex·
