2098 3040
155 176 204 225 412
377 171 548 234 QUINTI
577 169 745 223 ctJR'rll

156 282 250 328 mutua
263 273 433 326 salutatione
445 275 529 338 iacta,
542 275 655 336 coiit,iu
666 279 878 341 perpetuandas
889 274 971 326 arbi·

155 343 309 404 trahantur,
321 343 474 394 concordia
484 351 514 394 et
523 357 592 410 paee
603 343 721 392 firmata.

206 409 255 460 lx.
280 409 336 460 Sed
362 411 419 460 iarn
440 409 507 461 istis
533 410 754 461 admovebantur
775 409 971 463 Macedonum

110 531 114 538 ,
155 479 233 547 genti
245 476 322 528 bella
335 477 437 529 cirilla.
472 477 543 530 Nam
557 483 587 528 et
595 476 762 528 insociabile
778 483 823 528 est
835 492 970 546 regnum,

156 551 184 597 et
198 561 215 596 a
227 545 354 612 pluribus
373 546 564 612 expetebatur.
600 547 624 595 2.
648 543 771 596 Primum
783 559 855 613 ergo
876 546 970 598 eolle-

156 627 223 681 gere
237 613 327 677 vires,
347 613 448 665 deinde
464 613 668 682 disperseruntt
696 618 725 664 et
738 628 821 680 quum
835 613 969 679 pluribus

155 697 270 750 corpus,
285 695 366 748 quam
380 682 521 749 capiebat,
536 686 715 742 onerassent,
730 686 826 735 cetera
839 680 968 732 membra

155 749 277 801 delicere
288 755 454 815 coeperunt3
465 749 596 818 qnodque
605 748 751 816 imperium
761 743 812 800 sub
822 762 879 799 uno
886 755 967 799 stare

154 817 306 883 potuisset,
321 816 384 868 dum
395 817 548 885 apluribus
565 817 730 878 sustinetur,
746 815 813 866 ruit
847 816 873 866 b
894 815 967 867 Pro-

154 886 220 936 inde
239 885 300 935 iure
320 885 477 952 meritoque
498 885 618 951 populus
634 885 776 934 Romanus
795 883 916 935 salutem
934 899 975 937 se.

154 953 275 1019 principi
295 967 345 1003 suo
371 952 474 1004 debere
496 953 657 1020 profitetur,
681 954 729 1020 qui
749 952 854 1014 noeis,
880 967 966 1020 quani

156 1018 965 1154 titttritritritt“tntttddtlitttai·

157 1156 229 1206 didit
239 1157 351 1219 mundo,
359 1125 441 1223 qi’rum
451 1157 512 1208 sine
524 1125 575 1207 suo
587 1157 678 1223 capite
688 1155 832 1206 discordia
838 1157 966 1207 membra

156 1223 337 1290 trepidarent.
372 1222 397 1272 5.
419 1223 495 1285 Quot
508 1224 559 1275 ille
569 1231 626 1274 tum
637 1225 771 1274 exstinxit
781 1221 872 1274 iaces!
894 1231 966 1291 quot

156 1291 284 1341 condidit
292 1289 416 1357 gladios!
436 1297 566 1358 quantam
578 1296 772 1358 tempestatem
783 1289 877 1342 subita
886 1306 963 1343 sere-

155 1358 244 1408 nitate
264 1356 410 1408 discussit!
445 1357 509 1409 Non
528 1373 597 1426 ergo
616 1359 763 1410 revirescit
781 1359 888 1421 solum,
911 1361 965 1412 sed

157 1424 239 1476 etlam
254 1423 338 1476 lloret
350 1425 506 1492 imperium.
543 1427 568 1478 b.
587 1426 667 1478 Absit
680 1427 763 1478 modo
777 1427 898 1489 invidia,
914 1441 963 1479 ex-

156 1493 243 1560 cipiet
256 1491 337 1545 huius
352 1494 443 1545 seculi
459 1500 585 1562 tempora
602 1493 727 1546 eiusdem
741 1495 841 1546 domus
855 1496 964 1546 utinam

156 1568 303 1629 perpetua,
324 1567 401 1613 certe
421 1563 552 1614 diuturna
574 1563 734 1629 posteritas.
779 1564 804 1614 7,
828 1561 962 1614 Ceterum

154 1637 186 1681 ut
196 1629 231 1680 ad
241 1630 382 1692 ordinem,
398 1645 479 1698 aquo
491 1646 534 1682 nie
547 1630 747 1698 contemplatio
758 1630 887 1698 publicae
899 1629 963 1683 leli-

155 1699 248 1749 citatis
259 1702 407 1761 averterat,
416 1698 543 1760 redeam,
563 1697 699 1750 Perdicca
708 1698 817 1750 unicam
829 1713 909 1765 spem
919 1715 964 1750 sa·

157 1766 222 1816 lutis
233 1780 300 1816 suae
311 1765 488 1833 inltleleagri
498 1773 588 1817 morte
600 1766 772 1833 deponebat:
783 1781 884 1817 vanum
896 1782 963 1819 eun-

155 1833 217 1885 dem
230 1839 258 1885 et
267 1833 394 1895 infidum,
411 1833 597 1901 celeriterque
611 1849 658 1887 res
672 1839 847 1893 novaturum,
866 1840 896 1884 et
907 1835 963 1886 sibi
1031 1865 1032 1872 κ

154 1902 274 1952 niaxime
293 1897 439 1964 infestum,
460 1902 651 1969 occupandum
671 1918 744 1954 esse.
778 1903 802 1953 8.
825 1900 883 1954 Sed
905 1903 963 1954 alta

154 1969 378 2020 dissimulatione
392 1969 541 2022 consilium
557 1971 715 2038 premebat,
734 1976 766 2022 ut
789 1971 963 2036 opprimeret

154 2038 303 2088 incautum.
337 2035 413 2104 Ergo
435 2036 506 2088 clam
525 2036 661 2105 quosdam
680 2054 715 2090 ex
734 2038 839 2105 copiis,
860 2038 961 2106 quibus

153 2111 298 2172 praeerat,
309 2104 485 2166 subornarit,
504 2113 549 2167 ut,
563 2106 642 2172 quasi
652 2107 799 2175 ignoraret
808 2107 885 2172 ipse,
896 2122 961 2158 con·

172 2178 338 2224 uererentur
350 2173 455 2238 palam,
474 2173 648 2241 Meleagrum
659 2181 808 2242 aequatum
819 2181 883 2225 esse
896 2173 961 2226 Per-

154 2188 261 2292 giccae.
297 2240 321 2291 9.
342 2240 466 2302 Quorum
477 2256 606 2292 sermone
614 2241 760 2310 Meleager
770 2241 805 2292 ad
816 2255 847 2293 se
858 2242 961 2304 relato,

153 2305 250 2359 furens
263 2309 318 2369 ira,
339 2308 506 2371 Perdiccae,
526 2325 596 2377 quae
615 2310 814 2378 comperisset,
834 2311 960 2376 exponit
1030 2317 1031 2320 ’

153 2373 214 2436 llle,
226 2375 304 2426 velut
314 2391 387 2427 nora
398 2392 427 2428 re
439 2377 599 2440 exterritus,
610 2377 752 2440 admirari,
761 2377 852 2445 queri,
866 2377 962 2429 dolen-

153 2441 246 2511 tisque
258 2443 380 2510 speciem
391 2451 535 2496 ostentare
546 2448 573 2496 ei
584 2447 691 2512 coepit3
710 2445 746 2496 ad
755 2445 886 2496 ultimum
898 2461 962 2496 cou-

97 2540 101 2547 ·
152 2511 242 2573 venit,
263 2518 294 2561 ut
309 2510 613 2578 comprehenderentur
626 2523 684 2564 tam
704 2513 860 2565 seditiosae
883 2514 962 2565 rosis

152 2584 293 2630 auctores.
331 2579 371 2628 lt).
389 2580 456 2647 Agit
464 2581 610 2649 Meleager
623 2581 744 2648 gratiss,
759 2579 962 2649 amplexusque

153 2641 331 2708 Perdiccam,
352 2646 434 2698 fldem
452 2649 513 2699 eius
527 2650 556 2699 in
571 2663 602 2699 se
621 2664 654 2699 ac
666 2649 895 2701 benevolentiam
906 2649 962 2702 col·

152 2709 257 2761 laudat.
295 2713 335 2763 ll.
355 2713 427 2764 Tum
438 2718 577 2767 communi
586 2716 707 2769 consilio
717 2716 858 2769 rationem
870 2718 962 2785 oppri-

798 2812 803 2857 1
