2082 3042
290 190 438 262 arran
463 211 551 264 vrrr.
580 211 675 263 cnr.
703 212 727 262 s.
756 211 781 262 o.
895 209 951 266 eso,

135 326 242 365 essetne
256 309 382 366 credant!
400 309 489 363 Fonte
504 311 572 362 enim
588 309 654 361 betto
669 319 805 376 constant;
827 318 854 362 et
867 327 946 380 saepe

135 379 228 441 etiarn,
240 378 388 448 quodfalso
400 379 531 431 creditum
541 386 588 440 est,
599 376 657 428 neri
665 376 747 428 ricem
758 379 881 430 obtinuit.
903 380 943 431 li.

135 445 181 498 An
191 461 233 497 nse
242 445 364 498 luxuriae
375 446 556 514 indulgentem
567 443 672 512 pretatis
687 459 764 495 ormo
778 455 865 498 oestro
876 464 944 500 ostro

136 521 305 580 argentoque
315 514 478 565 adornasse?
498 512 622 564 Adsuetis
633 510 702 562 niltii
710 511 784 562 oilins
797 512 847 564 itae
857 513 945 567 oidere

134 579 251 633 materia
265 580 341 632 'soleti
358 582 511 644 ostendere,
535 578 699 631 Macedonas
719 578 832 630 invictos
851 582 944 634 ceteris

134 663 186 700 nee
197 663 264 698 nitro
279 647 383 727 quidem
396 647 475 699 oinei.
514 649 554 697 rt.
576 645 676 698 Oculos
692 663 757 726 ergo
771 646 886 712 pmrnnm
902 667 944 700 eo-

134 730 195 766 rnm
211 715 320 767 sordido
334 715 424 768 omnin
438 723 466 766 et
475 713 586 766 inmitia
596 721 773 781 spectemtram
786 712 906 780 rapiam,
920 725 947 766 et

135 782 246 845 docebo,
259 799 315 834 ¹nos
332 799 386 833 non
401 781 464 832 ouri
476 789 526 833 ent
538 780 648 850 argenti
658 780 781 847 cupidos,
801 781 849 832 sed
856 781 945 834 orbem

134 860 269 903 terrorism
279 849 437 900 reciectrros
448 849 546 902 tenire.
583 847 671 911 Qesom
679 848 796 914 gloriam
808 857 845 911 tn,
853 841 945 915 porri-

134 919 206 980 eido,
221 917 383 983 intercipere
395 916 514 978 ooinisti,
535 924 562 968 et
572 914 745 978 Macedones,
755 934 820 984 rege
830 915 944 978 ademto,

133 985 243 1036 devictio
261 983 387 1051 gentibus
407 984 509 1035 dedere.
547 984 587 1034 18.
605 983 645 1033 Ac
656 999 727 1034 nunc
741 999 832 1036 mones
846 999 896 1045 me,
915 993 947 1034 nt

133 1051 532 1118 oestrisperentibusporcorn!
560 1049 945 1120 Nonoportetatqceidemoos

133 1118 215 1180 scire,
229 1118 293 1186 qnid
302 1119 333 1169 de
345 1117 386 1169 tte
395 1119 556 1182 statuissem,
568 1135 620 1199 qno
632 1117 764 1170 tristiores
769 1118 911 1186 periretis,
923 1119 947 1170 si

134 1203 188 1254 qne
208 1185 282 1237 nobis
295 1195 441 1253 parentem
461 1203 590 1238 memorie
605 1194 632 1238 et
647 1201 712 1238 curo
729 1196 775 1239 est.
812 1185 867 1238 Sed
882 1185 945 1238 oiim

131 1255 212 1305 istum
226 1260 326 1305 nrorein
345 1255 483 1306 occidendi
496 1271 555 1306 cnm
566 1253 682 1306 scelestis
696 1253 814 1306 insontes
828 1255 943 1322 propin-

152 1329 386 1389 desperantesque
396 1323 478 1384 sotoi;
498 1332 526 1374 et
533 1321 680 1390 profiteor,
695 1321 725 1373 in
739 1323 829 1374 eodem
839 1322 943 1374 ltonore

124 1339 240 1460 interos
252 1405 341 1441 omnes
351 1406 403 1452 eos,
413 1390 442 1440 in
453 1407 504 1457 qno
531 1398 635 1442 nerunt.
656 1390 696 1441 19.
712 1387 782 1441 Nem
793 1399 867 1442 tunm
881 1390 942 1442 Col·

130 1457 278 1518 Iistltenern,
299 1456 344 1507 cni
356 1456 404 1507 seni
417 1457 459 1508 oir
473 1457 500 1507 oi
518 1457 578 1518 eris,
596 1457 659 1523 qnia
673 1456 745 1508 Intro
759 1474 793 1520 es,
809 1458 873 1520 scio,
893 1475 942 1510 eur

124 1523 244 1592 produci
255 1523 333 1574 selis:
357 1532 388 1573 nt
402 1537 494 1573 coram
508 1523 548 1572 isis
561 1523 679 1590 probra,
696 1538 763 1589 qnae
773 1526 851 1574 modo
862 1525 891 1576 in
901 1543 942 1578 me

129 1590 229 1652 iecisti,
251 1590 328 1640 inodo
355 1589 467 1654 ardisti,
490 1589 560 1640 illins
586 1605 690 1668 qnoque
710 1605 756 1640 ore
775 1589 940 1658 referentur.

132 1658 226 1722 Quem,
239 1656 263 1708 si
274 1653 387 1706 Macedo
399 1659 477 1717 esset,
493 1664 579 1707 teenrn
588 1655 804 1718 innodationem,
817 1656 941 1724 dignissi-

130 1742 202 1776 mum
213 1733 238 1775 te
250 1723 376 1790 diseipreio
391 1723 569 1789 magistrum
584 1738 656 1774 nnnc
666 1720 794 1788 Olynthio
812 1740 865 1774 non
875 1724 944 1776 idem

129 1792 197 1844 iteris
208 1801 253 1843 est.
289 1795 331 1842 20.
351 1791 421 1842 Post
431 1789 501 1842 haec
514 1790 662 1841 eonsilium
678 1790 798 1853 dimisit,
815 1791 943 1859 tradique

131 1862 278 1912 damnatos
297 1858 467 1920 hominibus,
487 1860 533 1926 qui
554 1873 588 1909 ex
608 1857 707 1908 eadem
721 1855 838 1910 cohorte
854 1870 943 1923 erant,
1027 1875 1028 1878 ’

128 1929 221 1980 iussit.
256 1927 311 1990 llli,
323 1933 354 1979 ut
363 1927 447 1978 fidem
457 1941 535 1977 suam
546 1925 665 1976 saevitia
675 1924 736 1992 regi
747 1925 942 1992 approbarent,

130 1995 308 2057 excruciatos
329 2001 507 2046 necaverunt.
553 1995 595 2045 21.
625 1992 812 2046 Callisthenes
832 2009 943 2061 quoque

127 2069 221 2116 tortus
238 2063 358 2124 interiit,
373 2063 437 2113 initi
454 2061 567 2113 consilii
577 2062 606 2111 in
618 2069 701 2128 caput
711 2061 786 2128 regis
796 2061 942 2125 innoxius3
1023 2109 1026 2118 ,

128 2132 179 2183 sed
193 2129 492 2196 haudquaquamaulae
500 2134 529 2181 et
538 2131 740 2182 assentantium
750 2129 943 2180 accommoda·
1025 2161 1026 2196 ᾗ

128 2207 173 2251 tus
183 2199 308 2266 ingenio.
332 2199 373 2246 2².
384 2198 482 2264 ltaque
493 2198 596 2248 nullius
607 2197 709 2248 caedes
720 2197 857 2248 maiorem
870 2197 942 2264 apud
1025 2197 1026 2223 1

130 2267 255 2319 Graecos
265 2265 424 2318 Alexandro
436 2265 571 2316 excitarit
580 2265 727 2326 invidiam,
748 2263 822 2331 quod
833 2263 941 2332 praedi·
995 2262 997 2267 '
1024 2269 1025 2274 ’

127 2340 187 2386 tum
197 2329 311 2402 optimis
323 2333 448 2384 moribus
459 2332 633 2398 artibusque,
654 2346 735 2399 aquo
747 2342 895 2384 revocatus
906 2333 940 2384 nd

128 2403 213 2452 vitam
225 2408 294 2464 erat,
311 2417 394 2469 quum
405 2399 555 2451 interiecto
567 2400 642 2450 Clito
655 2400 725 2450 mori
738 2407 939 2466 perseveraret,

129 2537 192 2588 dem
208 2552 300 2588 causa.
336 2538 378 2588 ²3.
399 2535 488 2597 Quam
507 2535 700 2601 crudelitatem
716 2550 780 2588 sera
796 2536 941 2602 poeniten·
1021 2559 1023 2568 v

128 2607 168 2655 tia
179 2610 332 2655 consecuta
344 2611 395 2656 est.

1022 2339 1025 2367 1

127 2483 184 2520 non
195 2475 301 2520 tantum
313 2469 458 2528 occiderit,
469 2467 519 2518 sed
531 2470 614 2518 etiam
626 2468 751 2530 torserit,
766 2467 872 2520 indicta
883 2471 941 2535 qui·
1021 2441 1024 2526 1

1020 2569 1023 2616 1

178 2671 227 2724 tx.
247 2671 304 2724 Sed
318 2686 352 2723 ne
366 2673 453 2724 otium
468 2671 596 2724 serendis
610 2673 769 2724 sanioribus
780 2675 873 2722 natum
884 2670 940 2722 ale·
1010 2619 1023 2695 Ἰ

126 2746 179 2804 ret,
191 2741 220 2792 in
231 2739 447 2804 indiammorit3
463 2739 670 2810 semperbello,
688 2755 769 2806 quam
779 2745 845 2805 post
855 2738 940 2792 victo·
950 2673 1022 3004 j
