2098 3040
343 219 491 270 LIBER
517 221 552 271 X.
584 217 678 272 CAP.
706 223 731 273 A.
871 219 920 270 395

117 319 200 372 rente.
236 319 335 371 'l'ertic
346 321 391 372 die
402 323 492 372 victus
504 322 662 372 constantia
672 321 835 389 supplicum,
855 331 920 388 pro-

105 387 220 448 ,casem
247 387 428 454 incusataque
453 387 556 440 leniter
575 388 717 440 exercitus
733 388 920 450 immodestia,

117 469 177 506 non
188 455 247 505 sine
257 454 351 506 multis
361 456 491 524 utrinque
501 457 638 518 lacrimis,
649 456 678 506 in
689 457 806 522 gratiam
816 472 847 506 se
858 467 920 506 cum

117 523 189 594 ipsis
199 521 292 573 redire
301 521 445 588 professus
456 529 508 574 cst.
536 523 630 590 Digna
639 528 731 573 tamen
742 537 787 572 res
797 523 857 573 visa
866 530 919 584 est,
939 553 942 560 -

115 601 190 658 quae
201 590 351 662 maioribus
362 589 463 642 hostiis
475 592 642 658 expiaretur.
674 589 770 656 ltaque
782 589 918 640 sacrificio

116 658 265 724 magnifice
275 663 449 724 perpetrato,
469 657 654 708 Macedonum
669 657 751 708 simul
761 655 919 707 Persarum-

116 735 174 792 que
188 727 326 792 primores
339 723 468 775 invitarit
481 725 516 775 ad
531 725 635 790 epulas.
672 723 696 774 o.
715 721 822 774 Novem
832 723 920 772 millia

114 804 153 844 eo
164 793 293 843 convivio
305 793 458 857 excepisse,
477 792 617 858 proditum
628 797 672 842 est
681 791 842 850 memoriae,
860 797 920 839 eos·

113 869 175 927 que
187 869 283 910 onmes
298 858 434 909 invitante
448 873 516 928 rege
534 874 568 910 ox
579 859 677 910 eodem
689 865 797 910 cratere
808 857 919 908 liberie·

116 941 162 989 se,
176 926 296 977 Graecis
304 925 487 993 barbarisque
499 928 606 978 vatibus
617 933 674 978 tun
685 926 741 976 alia
751 924 845 977 fauste
855 927 920 974 rota

115 993 389 1074 praeeuntibus,tum
398 993 523 1058 inprimis
535 1001 565 1046 ut
575 1007 609 1044 ea
618 996 706 1044 utrius
727 990 882 1058 ueimperii
892 990 920 1039 in

116 1061 193 1111 idem
204 1073 304 1126 corpus
315 1061 420 1111 coalita
430 1064 551 1112 societas
564 1067 699 1127 perpetuu
709 1009 795 1113 iacet.
830 1057 920 1108 Matu-

116 1134 180 1178 rata
191 1127 292 1177 deinde
304 1133 348 1178 est
358 1129 468 1190 nrissio,
491 1136 519 1180 et
531 1129 735 1180 infirmissimus
746 1129 863 1194 quisque
874 1137 920 1174 ex·

113 1195 265 1246 auctorati.
300 1196 325 1246 l.
344 1196 501 1246 Amicorum
522 1209 631 1263 quoque
651 1196 792 1247 seniorum
808 1192 920 1261 quibus·

114 1263 181 1328 dam
192 1267 376 1313 commeatum
387 1263 472 1314 dedit.
487 1293 488 1296 =
507 1263 549 1316 Ex
560 1268 622 1331 quta
633 1263 721 1316 Clitus
731 1265 918 1330 cognomento

114 1329 209 1391 Albus,
219 1329 395 1398 Gorgiasque
406 1331 619 1398 etPolydamas,
631 1337 659 1384 et
668 1333 818 1398 Antigenes
829 1327 919 1380 fuere.

115 1398 286 1448 Abeuntibus
304 1413 360 1448 non
374 1399 458 1449 modo
473 1400 620 1464 praeteriti
635 1400 768 1466 temporis
779 1395 919 1465 stipendia

41 1495 45 1500 -
112 1477 177 1515 cum
190 1463 245 1514 fido
258 1465 401 1530 persolvit,
422 1480 516 1516 verum
531 1469 615 1516 etiam
630 1466 763 1516 talentum
775 1465 880 1516 adiecit
889 1463 918 1514 ln

113 1528 242 1596 singulos
253 1531 365 1592 milites,
374 1531 471 1581 viatici
481 1533 601 1582 nomine.
637 1531 662 1582 8.
672 1533 761 1582 Filios
773 1545 808 1582 ex
816 1531 917 1582 Asiati·

112 1600 156 1649 cis
168 1597 302 1648 uxoribus
314 1603 460 1662 susceptos
472 1597 520 1658 (ad
531 1600 628 1650 decem
637 1599 725 1649 millia
734 1597 822 1648 luisse
833 1597 918 1648 tradi·

114 1667 173 1727 tur)
185 1664 258 1730 apud
268 1675 298 1714 se
308 1663 429 1730 relinqui
439 1665 538 1728 lussit,
557 1679 592 1715 ne
608 1665 637 1714 in
646 1663 840 1714 Macedoniam
855 1677 917 1714 cum

115 1732 277 1800 parentibus
286 1731 671 1848 trunspressi,etconiugibus
680 1732 834 1798 liberisque
843 1729 918 1796 priu-

114 1802 193 1852 ribus
209 1799 348 1866 permixti,
379 1798 488 1849 amilius
503 1800 677 1866 singulorum
691 1798 917 1848 contentionibus
934 1857 936 1864 y

112 1875 145 1918 et
155 1865 305 1917 discordiis
315 1865 474 1933 implerent3
495 1867 550 1924 sibi
560 1865 715 1916 curaefore
726 1864 877 1932 pollicitus,
887 1869 919 1916 ut

114 1935 207 2002 patrio
218 1934 425 1984 moreinstituti
438 1933 556 1985 militiae
571 1939 646 1984 artes
663 1933 855 1985 edocerentur⁴
892 1932 916 1982 9.

114 2003 159 2052 lta
177 2015 261 2067 supra
279 2002 376 2052 decern
388 2007 584 2052 veteranorum
597 2000 687 2051 millia
705 2001 820 2051 dimissa
839 2004 916 2063 sunt;

114 2069 282 2134 additusque
293 2075 337 2120 est
348 2069 492 2132 Craterus,
504 2072 551 2136 qui
562 2075 611 2120 eos
623 2069 782 2129 deduceret,
795 2083 830 2118 ex
841 2079 917 2133 prae-

113 2140 204 2204 'cipuis
218 2136 294 2202 regis
305 2138 410 2187 soricis.
445 2138 495 2187 lsti
506 2139 531 2188 si
541 2137 607 2204 quid
617 2135 774 2188 humanitus
785 2135 918 2200 contigis-

114 2213 168 2268 set,
188 2201 410 2270 Polyperchonti
422 2219 521 2270 parcre
531 2205 601 2256 iussi
611 2211 683 2255 sunt.
719 2201 823 2254 Literis
835 2201 919 2252 etiam

113 2273 151 2324 ad
169 2273 343 2338 Antipatrum
362 2271 487 2337 scriptis,
517 2271 652 2324 honorem
678 2269 800 2321 emeritis
821 2268 918 2320 haberi

115 2341 267 2408 praecepit,
289 2346 328 2401 ut,
349 2341 459 2406 quoties
472 2339 532 2390 ludi
543 2345 625 2406 atque
637 2339 789 2389 certamina
803 2338 917 2408 ederen-

115 2414 169 2469 tur,
189 2407 329 2474 inprimis
344 2407 489 2458 ordinibus
504 2407 631 2458 coronati
642 2411 812 2472 spectarent3
832 2407 917 2473 utque

114 2474 176 2526 lato
190 2475 347 2526 iunctorum
362 2474 455 2536 liberi,
475 2476 560 2526 etiam
574 2474 741 2541 impuberes,
760 2474 789 2524 in
802 2479 919 2540 paterna

115 2541 256 2608 stipendia
278 2543 470 2594 succederent.
507 2544 713 2594 lucraturum
732 2540 918 2594 Macedoniae

114 2609 376 2678 continentibusque
394 2609 558 2678 regionibus
579 2625 640 2661 cum
654 2609 771 2677 imperio
786 2621 919 2674 praeesse

113 2677 231 2748 piacula
252 2678 424 2744 Antipatrum
436 2693 497 2730 cum
508 2677 700 2746 supplemento
710 2673 850 2727 iuniorum
859 2674 918 2726 Ma·

8 2811 9 2820 ¹
112 2745 252 2798 cadonum
262 2744 298 2795 ad
308 2759 401 2814 regem
414 2761 541 2815 pergere·
566 2745 721 2800 Verebatur
732 2745 812 2805 enim,
826 2758 860 2794 ne
870 2754 920 2810 per
