2098 3040
360 122 505 174 LIBER
529 123 564 173 X.
588 123 721 180 CAR!

143 227 223 293 regis
233 227 260 276 in
272 241 302 276 se
315 223 489 288 accenderat,
511 224 639 274 Orsinem
649 228 732 278 modo
743 229 888 294 avaritiae,
909 229 951 279 in-

142 293 255 347 terdum
268 291 539 354 etirmdefectionis
552 291 694 360 arguebat.
723 295 764 344 30.
775 295 832 346 lom
842 301 951 348 matura
1026 340 1027 348 ,

144 365 227 412 erent
244 362 274 412 in
292 361 442 427 perniciem
462 357 620 410 innocentis
633 361 785 426 mendacin,
806 369 834 414 et
851 363 950 428 fotum,

143 429 225 482 cuius
245 428 415 481 inevitabilis
436 443 498 478 sors
514 434 567 488 est,
587 428 744 494 appetebat.
779 429 864 482 Forte
876 433 949 483 enim
1026 467 1028 474 ι

140 495 300 563 sepulcrum
311 493 809 564 CyriAlexanderiussitaperiri‚in
840 505 950 552 onerat
1018 547 1021 552 ,

141 559 286 616 conditum
298 566 358 616 eius
370 577 481 630 corpus,
494 563 539 612 eui
550 561 617 614 dare
628 562 743 614 volebat
752 562 877 617 inferres.
906 567 947 618 31.

139 632 220 682 Auro
234 638 406 700 argentoque
423 629 561 696 repletum
577 644 640 680 esse
660 630 827 695 crediderat,
848 621 948 704 qnippe

139 701 183 751 ite
197 698 272 752 forne
284 698 389 754 Persae
405 697 600 765 vulgaverant3
623 698 673 749 sed
687 707 799 765 praeter
820 697 949 766 clypeum

141 770 202 820 eius
212 773 338 836 putrem,
358 772 388 818 et
398 780 479 816 orcus
490 764 560 814 duos
572 763 736 832 Scythicos,
756 774 785 818 et
797 767 947 830 acinacem,

139 833 213 888 nihil
224 835 340 902 reperit.
375 833 416 884 32.
436 834 565 888 Ceterum
586 847 691 884 corone
713 829 798 885 nureo
816 836 950 901 imposita

139 903 273 965 amiculo,
292 901 338 954 eui
349 905 512 954 assueverat
521 902 592 967 ipse,
612 901 723 968 solium,
742 903 771 952 in
782 917 836 970 qno
848 917 950 970 corpus

138 970 261 1034 iacebat,
272 968 389 1032 relevit3
397 968 522 1028 miratus,
533 969 605 1020 tenti
615 969 735 1018 nominis
745 984 851 1036 regem,
862 971 948 1020 tantis

139 1036 297 1105 praeditum
320 1035 428 1104 opibus,
449 1033 523 1084 haud
541 1036 695 1102 pretiosius
717 1037 855 1104 sepultum
876 1053 948 1099 esse,

140 1120 225 1173 quem
243 1105 269 1156 si
288 1103 391 1155 fuisset
411 1101 531 1168 eplebe.
568 1103 609 1154 33.
630 1102 778 1155 Proximus
790 1111 851 1156 erat
866 1105 948 1158 lateri

140 1172 292 1254 spadomui
303 1183 399 1240 rogem
409 1173 531 1233 intuens,
538 1167 611 1233 Quid
619 1170 831 1241 mireminquit,
838 1171 949 1236 eristun-

140 1255 188 1294 πω
197 1241 319 1306 scpulcra
329 1256 383 1291 erre
397 1251 504 1306 regum,
527 1253 607 1306 quum
616 1246 788 1308 satraparum
799 1240 891 1294 domm
901 1257 948 1292 uu·

139 1317 200 1361 'rum
209 1306 271 1360 inde
280 1315 399 1376 egestum
409 1319 504 1374 rapere
514 1321 568 1358 ron
574 1306 696 1373 posent?
712 1307 755 1360 34.
769 1305 850 1374 Quod
861 1307 948 1360 adme

140 1375 246 1439 attinet,
256 1374 312 1442 ipre
321 1374 488 1428 turbassent
498 1381 578 1425 antea
588 1391 643 1426 non
652 1374 785 1427 m'derum:
795 1377 842 1430 κά
850 1393 883 1428 ex
888 1374 947 1426 Du-

140 1443 182 1496 rio
203 1443 243 1494 ita
263 1458 310 1493 acc
349 1443 355 1455 '
383 1441 438 1492 tria
455 1440 538 1492 millia
557 1443 686 1492 talentum
700 1443 808 1494 condita
823 1460 877 1494 erre
888 1459 947 1494 cum

144 1511 225 1580 Cyro.
259 1509 301 1562 35.
350 1508 394 1560 irre
403 1507 449 1558 illa
460 1506 611 1574 benignitas
620 1508 649 1558 in
659 1516 697 1570 te,
711 1517 750 1570 ut,
762 1511 834 1576 quod
841 1510 948 1580 impune

142 1576 240 1630 babere
253 1591 308 1627 non
319 1582 432 1642 poterut
443 1569 562 1635 Orsines,
584 1573 707 1624 donando
726 1574 808 1626 etiam
826 1575 948 1643 gratiam

139 1642 230 1698 iniret
267 1641 309 1696 36.
329 1641 589 1694 Conciteyeratinm
601 1643 721 1692 animum
731 1643 760 1691 in
770 1643 853 1693 irem:
865 1656 948 1710 quum

140 1714 175 1776 ii,
206 1710 305 1779 quibus
322 1711 466 1827 nefiotium
486 1707 561 1760 idem
580 1707 709 1771 dederat,
739 1712 946 1776 superveniunt.

140 1779 215 1835 Hinc
224 1778 347 1847 Bagoas,
377 1777 422 1830 inc
433 1775 468 1826 ab
479 1790 513 1826 eo
525 1775 683 1836 subornati,
694 1775 775 1826 folsis
787 1777 947 1828 criminibus

142 1854 280 1916 occupant
290 1860 380 1902 aures.
417 1845 459 1895 37.
477 1844 631 1910 Antequam
646 1843 772 1894 accusari
786 1857 816 1894 se
826 1844 948 1909 suspice-

140 1923 217 1968 retur
227 1916 353 1976 Orsines,
363 1913 392 1963 in
403 1907 513 1964 vinculo
526 1909 645 1962 traditus
658 1917 708 1962 est.
728 1909 790 1962 Non
801 1917 948 1962 contentus

142 1981 409 2051 suppiioiur'nsontis
419 1979 524 2048 spado,
542 1980 603 2044 ipse
613 1979 749 2030 morituro
759 1993 868 2030 manum
880 1979 949 2029 inie-

142 2053 188 2104 cit.
225 2050 313 2111 Quem
335 2048 450 2100 Orsines
468 2047 593 2107 inurens,
615 2045 774 2110 Audieram,
795 2047 900 2112 inquit,
919 2044 948 2095 in

141 2118 207 2174 Aria
217 2115 280 2170 olim
290 2113 560 2186 regnassefems’nas3
579 2112 630 2164 boc
645 2129 818 2166 serenorum
833 2121 884 2174 eet,
905 2129 947 2163 re-

162 2203 227 2240 nate
246 2184 408 2240 castrorum!
444 2182 485 2233 38.
509 2179 572 2234 Hio'
586 2181 642 2234 fuit
667 2181 758 2232 exitus
778 2180 947 2232 nobilissimi

140 2205 298 2317 {eruar-um,
317 2265 370 2304 nee
388 2249 508 2302 insontis
523 2248 617 2311 modo,
638 2249 688 2300 sed
702 2249 820 2300 eximiae
854 2263 946 2318 noque

142 2321 322 2392 benignitatis
332 2321 361 2370 in
372 2333 477 2386 regem.
513 2315 555 2370 39.
569 2315 678 2367 Eodem
687 2317 845 2384 temporeP
866 2318 947 2370 rede·

143 2399 194 2454 tes,
204 2405 321 2460 regnum
331 2386 480 2440 affectasse
490 2391 646 2454 suspectus,
658 2385 804 2437 occiditur.
840 2385 946 2454 Coepe-

142 2465 185 2512 ret
195 2472 257 2512 esse
268 2470 403 2526 praeceps
413 2455 449 2508 ud
459 2451 695 2522 repraesentando
705 2454 855 2522 supplicia3
868 2455 946 2516 item,

143 2527 176 2579 ad
187 2525 328 2579 deteriora
338 2521 487 2576 credenda.
515 2522 557 2576 4⁰.
573 2519 620 2576 Sic
631 2520 741 2574 scilieet
749 2538 795 2574 res
806 2520 946 2574 secundae

142 2595 235 2647 ualent
254 2598 423 2647 commutare
443 2595 586 2655 naturam3
608 2595 709 2642 etrero
722 2591 866 2658 quisquam
879 2601 947 2657 erga

142 2663 274 2716 bonosus
284 2662 353 2714 sutis
364 2666 462 2714 cautus
473 2665 525 2712 est.
548 2659 590 2710 41.
602 2654 763 2778 ldenfigngm
773 2657 867 2727 paullo
881 2667 944 2737 ante

970 2878 1038 2948 Ι
