2098 3040
121 193 171 246 aas
337 189 511 252 ouru'rr
537 185 707 239 oua'ru
747 185 751 191 ·

121 296 235 360 ciperet.
271 291 368 358 ltaque
384 298 460 342 stans
474 292 527 340 init
539 303 670 355 pugnam;
692 292 720 337 et
732 301 767 336 ne
783 287 933 337 circumiri

119 367 226 428 poet,
237 358 349 409 fortuna
358 358 526 425 providerat.
562 357 586 406 1.
606 354 725 421 Vetusta
735 354 828 415 arbor,
849 353 932 407 haud

118 426 218 494 procul
228 440 317 487 muro,
335 441 429 476 ramos
439 423 527 474 multa
537 422 635 473 fronde
648 423 776 482 vestitos,
797 421 874 472 velut
889 421 929 473 de

117 493 257 545 industria
266 507 361 560 regem
375 497 565 559 protegentes,
587 490 743 540 obiecerat:
765 486 846 539 huius
862 503 927 554 spa-

117 561 192 612 tioso
204 561 293 624 stipiti
304 574 414 627 corpus,
425 573 459 609 ne
470 557 583 608 circuiri
592 561 698 624 posset,
710 555 852 622 applicuit,
865 557 928 623 cly-

116 641 170 694 peo
189 627 255 688 tela,
277 643 347 692 quae
363 641 398 678 ex
411 626 529 676 adverso
539 624 748 690 ingerebantur,
769 625 926 690 excipiens.

117 696 141 745 5.
160 693 230 744 Nam
242 709 323 760 quum
334 710 416 744 unum
426 692 525 759 procul
535 697 577 743 tot
586 705 681 742 manus
692 695 829 757 peterent,
840 705 926 743 nemo

117 771 210 812 tamen
221 761 341 812 audebat
351 761 465 826 propius
476 759 624 822 accedere;
637 757 756 808 missilia
765 759 850 809 ramis
861 759 924 825 plu·

116 845 156 890 ra,
168 843 248 896 quam
261 829 377 894 clypeo,
388 827 556 878 incidebant.
592 826 617 878 6.
636 825 783 892 Pugnabat
792 840 841 892 pro
853 840 925 893 rege

86 925 88 932 ·
115 897 234 962 primum
245 895 380 946 celebrati
391 895 510 945 nominis
524 893 611 957 iama3
631 893 731 944 deinde
750 893 923 959 desperatio,

117 977 246 1030 magnum
266 964 301 1014 ad
316 961 433 1014 honeste
447 961 619 1011 moriendum
639 960 858 1010 incitamentum.
894 962 921 1013 1.

91 1083 93 1085 ,
117 1030 173 1083 Sed
184 1046 266 1096 quum
277 1029 393 1080 subinde
405 1027 493 1079 hostis
505 1027 701 1090 afflueret,iam
712 1028 853 1096 ingentem
864 1030 922 1079 vim

116 1099 236 1148 telorum
247 1103 397 1163 exceperat
406 1096 520 1164 clypeo;
541 1096 596 1146 iam
610 1095 718 1162 galeam
733 1109 801 1146 saxa
813 1095 921 1162 perire-

117 1171 227 1232 gerant3
246 1167 301 1214 iam
316 1166 448 1216 continuo
462 1163 560 1214 labore
576 1164 672 1230 gravia
688 1178 780 1230 genua
793 1163 922 1214 succide·

115 1237 185 1284 rant.
222 1232 246 1301 ξ.
265 1232 362 1296 ltaque
376 1230 537 1281 contemtim
552 1236 580 1281 et
593 1233 718 1292 incaute,
740 1231 787 1297 qui
800 1232 922 1296 proximi

116 1303 260 1357 steterant,
266 1298 453 1348 incurrerunt:
465 1311 480 1348 e
492 1296 591 1363 quibus
603 1298 673 1348 duos
683 1299 778 1364 gladio
788 1297 830 1349 ita
840 1313 922 1349 exce-

114 1365 169 1432 pit,
198 1369 229 1413 ut
247 1369 310 1414 ante
329 1366 419 1430 ipsum
440 1365 582 1416 exanimes
603 1366 825 1431 procumberent.
861 1365 923 1418 Nec

116 1433 243 1497 cuiquam
267 1431 369 1482 deinde
393 1434 508 1498 propius
534 1433 694 1483 incessendi
724 1448 786 1484 eum
813 1434 921 1484 animus

115 1497 181 1548 fuit:
202 1498 299 1565 procul
308 1497 401 1550 iacula
411 1501 584 1568 sagittasque
596 1501 750 1551 mittebant.
786 1499 810 1552 9.
823 1500 921 1552 illaad

116 1581 212 1616 onmes
222 1568 294 1620 ictus
306 1568 451 1633 expositus
458 1605 466 1630 ,
485 1581 569 1634 aegre
585 1568 640 1617 iam
652 1574 798 1634 exceptum
809 1569 921 1635 popliti-

115 1634 166 1684 bus
177 1649 278 1701 corpus
288 1634 430 1698 tuebatur3
442 1636 532 1687 donec
542 1635 625 1686 Indus
636 1636 754 1685 duorum
764 1635 920 1686 cubitorum

116 1702 247 1768 sagittam
258 1703 390 1769 (namque
401 1702 486 1764 indis,
497 1709 528 1752 ut
538 1708 621 1753 antea
632 1703 760 1764 diximus,
773 1701 855 1754 buius
865 1719 922 1754 ma·

116 1767 270 1835 gnitudinis
281 1771 401 1836 sagittae
411 1770 503 1830 erant)
518 1772 559 1820 ita
569 1771 705 1831 excussit,
728 1778 759 1822 ut
767 1785 817 1836 per
826 1769 921 1822 thora-

116 1850 175 1886 cem
195 1835 317 1902 paullum
337 1851 421 1903 super
439 1838 511 1888 latus
529 1839 656 1888 dextrum
669 1838 841 1905 infigeretur.
878 1840 921 1889 lo.

116 1901 178 1964 Quo
189 1902 303 1953 vulnere
316 1903 448 1966 afflictus,
470 1919 571 1971 magna
580 1907 608 1954 vi
618 1906 761 1976 sanguinis
773 1905 920 1968 emicante,

114 1970 223 2021 remisit
233 1985 309 2020 arma
318 1971 483 2021 nsofibundo
495 1972 606 2034 similis,
625 1972 752 2040 adeoque
767 1973 920 2036 resolutus,

115 2043 145 2088 ut
161 2053 195 2088 ne
214 2036 250 2087 ad
263 2038 421 2088 vellendum
436 2039 546 2103 quidem
562 2038 648 2090 telum
658 2041 801 2090 sufficeret
812 2040 918 2092 dextra.

113 2107 210 2172 ltaque
230 2105 265 2154 ad
287 2105 497 2170 exspoliandum
518 2109 632 2172 corpus,
660 2108 705 2174 qui
725 2108 919 2159 vulneraverat

114 2173 209 2224 alacer
219 2171 321 2239 gaudio
334 2173 463 2224 accurrit.
501 2175 540 2223 ll.
553 2175 641 2234 Quem
652 2180 682 2224 ut
692 2175 808 2225 iniicere
820 2189 919 2241 corpo·

114 2241 139 2290 ri
149 2254 200 2289 suo
212 2254 308 2290 nsanus
319 2239 417 2300 sensit,
429 2241 529 2302 eredo,
539 2240 629 2291 ultimi
642 2241 789 2292 dedecoris
799 2241 919 2309 indigni·

113 2311 171 2356 tate
183 2314 348 2369 commotus,
358 2306 397 2357 lin
419 2315 528 2358 uentem
539 2309 683 2359 revocarit
692 2310 821 2369 animum,
834 2315 920 2360 etnu-

114 2374 178 2424 dum
190 2369 280 2422 hostis
291 2373 363 2424 latus
374 2323 501 2425 saliceto
512 2391 644 2426 mucrone
655 2373 755 2427 hausit.
792 2377 832 2427 12.
843 2376 918 2428 lace·

113 2441 180 2490 bant
191 2439 266 2490 circa
275 2455 370 2506 regem
380 2441 436 2492 tria
446 2443 678 2509 corpora‚procul
689 2442 865 2510 stupentibus
876 2458 919 2495 ce·

113 2509 191 2559 teris.
228 2506 279 2556 llle
298 2515 338 2569 ut,
360 2514 507 2576 antequam
523 2509 637 2560 ultimus
649 2511 918 2576 spiritusdeiiceret,

114 2575 248 2626 dimicans
259 2574 314 2624 iam
325 2575 564 2643 exstingueretur,
585 2577 685 2644 clypeo
698 2593 729 2628 se
739 2579 861 2629 allevare
873 2594 920 2630 co·

113 2647 194 2692 natus
206 2647 262 2704 est3
291 2641 331 2691 13.
343 2648 372 2692 et
381 2652 528 2710 postquam
539 2646 573 2696 ad
585 2645 781 2697 connitendum
792 2643 863 2696 nihil
874 2662 920 2697 su-

113 2714 225 2772 pererat
239 2709 347 2768 virium,
370 2709 467 2760 dextra
481 2711 673 2779 impendentes
690 2729 781 2766 ramos
795 2713 905 2780 comple
