2036 3030
119 163 152 210 to
304 157 437 210 lOANN.
456 158 738 210 FREINSHEMll

118 268 173 310 tter
185 275 256 320 sero,
273 259 350 311 dices.
387 259 428 310 25.
446 260 526 310 Haec
539 266 630 310 autem
646 275 727 324 quum
743 233 841 308 merito
863 259 922 325 qui·

120 327 182 379 dem
193 333 308 377 naturae
319 339 386 378 suae
398 328 500 378 debere
514 327 667 386 videretur,
689 323 762 375 haud
777 327 866 375 minus
882 327 922 376 in-

118 395 259 445 stitutioni
271 394 375 445 debuit.
411 394 480 446 Nam
490 401 577 460 pater,
589 395 657 444 satis
668 407 779 459 goarus,
791 398 923 460 quantum

119 461 326 528 Epaminondae
348 461 543 513 commercium
557 461 610 512 sibi
625 460 786 526 profuisset,
807 467 923 527 quanto-

118 544 173 595 que
188 529 267 594 plura
282 529 452 597 eloquentia,
471 545 552 595 quam
570 531 604 587 vi,
619 527 797 589 confecisset,
818 543 924 578 sumnia

118 611 186 646 cura
195 596 366 659 incubuerat,
384 605 413 647 ut
423 613 439 646 a
448 604 545 647 tenera
558 597 650 646 statim
662 601 754 645 aetate
765 595 923 646 liberalium

119 665 219 714 artium
230 665 330 715 studiis
346 666 431 732 probe
445 665 624 715 imbueretur.
659 662 700 712 26.
721 662 922 729 lgiturAristo-

118 730 213 794 telem,
223 734 316 800 magni
327 734 445 784 nominis
456 729 661 799 philosophum,
671 731 832 797 ingentibus
843 744 922 795 prae·

117 800 180 848 miis
194 806 340 851 evocatum
350 800 479 868 perpulit,
485 810 516 850 ut
525 801 608 850 etiam
618 799 705 865 prima
712 797 855 848 literarum
866 797 922 847 ele-

117 871 211 917 menta
221 882 307 933 puero
319 867 451 918 traderet.
487 866 546 918 Nec
560 867 657 916 abnuit
674 866 715 916 vir
731 865 921 926 doctissimus,

118 949 201 1000 quum
213 935 403 1000 intellegeret,
424 941 555 1001 quantum
569 939 646 984 esset
659 949 676 982 a
691 933 828 999 principio
842 938 920 983 recte

116 1001 218 1052 instrui
241 1001 334 1052 multis
353 1003 563 1066 imperaturum,
590 999 750 1066 frustraque
778 1001 922 1051 contemni

116 1083 167 1135 pro
178 1069 284 1132 parvis,
304 1071 365 1119 sine
379 1068 478 1134 quibus
495 1068 531 1118 ad
541 1067 648 1118 maiora
656 1067 800 1134 protectus
810 1083 866 1118 non
877 1082 921 1117 es-

117 1141 170 1187 set.
207 1136 248 1184 21.
267 1133 360 1186 Variis
371 1136 471 1187 deinde
486 1136 640 1202 magistris,
660 1141 692 1185 ut
705 1135 776 1186 alius
790 1134 846 1184 alia
859 1141 920 1184 arte

116 1201 287 1263 excellebat,
301 1218 377 1264 usus,
397 1217 453 1253 non
462 1203 546 1253 modo
557 1209 677 1253 mentem
689 1201 812 1267 egregiis
824 1202 921 1266 imple-

116 1271 157 1320 vit
173 1269 341 1335 disciplinis,
361 1285 457 1321 verum
476 1269 560 1320 etiam
579 1261 680 1336 corpu‘s
700 1269 789 1318 cornis
808 1271 920 1334 generis

117 1336 378 1399 exercitationibus,
400 1337 435 1388 ad
455 1353 534 1388 usum
552 1337 689 1387 bellorum
711 1343 739 1385 et
758 1335 921 1400 patientiam

116 1403 222 1453 laboris
233 1404 369 1454 edomuit:
381 1420 416 1456 ne
427 1410 484 1455 tum
495 1403 606 1470 quidem
618 1419 730 1462 vacuus,
743 1419 825 1468 quum
836 1404 921 1454 otiari

115 1469 271 1534 videretur;
283 1471 383 1538 quippe
394 1473 460 1538 pilu,
472 1472 673 1523 velsaltatione
691 1470 776 1531 virili,
794 1486 847 1521 non
862 1477 920 1521 tam

115 1536 229 1588 laxabat
240 1540 544 1606 animum,quamseriis
556 1539 698 1606 obsequiis
709 1538 832 1588 membra
841 1554 920 1605 prae·
1016 1535 1017 1544 ’

115 1604 240 1671 parabat.

166 1671 212 1720 lll.
232 1673 383 1739 Postquam
398 1673 498 1724 deinde
515 1681 592 1725 aetas
609 1681 636 1725 et
655 1675 796 1740 ingenium
816 1672 920 1739 paulis·
996 1703 1002 1711 ·

115 1740 309 1808 p'eradolevit,
323 1741 432 1808 iamque
443 1743 631 1793 severioribus
642 1743 741 1792 studiis
751 1739 870 1791 idoneus
882 1741 921 1790 vi·
1015 1781 1016 1788 ,

115 1823 162 1858 sus
174 1816 230 1871 est,
247 1815 420 1873 revocatum,
441 1811 559 1889 quitum
569 1811 640 1877 apud
654 1807 843 1874 Mitylenaeos
856 1821 920 1874 age-

114 1874 173 1936 bat,
188 1877 367 1927 Aristotelem
379 1885 512 1928 contmuo
524 1891 618 1927 secum
629 1874 734 1936 habuit,
754 1875 843 1924 donec
855 1880 921 1940 post

114 1950 233 1993 mortem
243 1945 329 2010 patris
340 1959 433 1995 rerum
443 1945 562 2009 potitus,
581 1945 610 1993 in
624 1943 717 1992 Asiam
731 1943 918 1993 transiiceret.

115 2011 140 2058 2.
161 2008 223 2069 Quo
234 2012 367 2077 temporis
378 2011 480 2077 spatio,
499 2009 633 2076 quidquid
643 2015 745 2060 atantc
757 2017 920 2077 praecepto-

115 2081 149 2126 re'
155 2078 230 2128 tradi
239 2078 340 2144 potuit,
350 2077 509 2142 perdidicit.
541 2076 760 2144 Cognoseendae
770 2092 864 2129 rerum
874 2093 920 2128 na·

115 2149 195 2195 turae
205 2151 283 2195 tanto
295 2145 402 2195 avidius
412 2144 547 2207 incubuit,
559 2151 661 2212 quanto
673 2146 859 2212 pertinaciore
870 2159 919 2211 spe

115 2209 259 2276 imperium
279 2212 402 2263 universi
422 2210 498 2262 orbis
518 2220 708 2280 praeceperat.
744 2213 829 2264 Cuius
842 2213 919 2264 inda·

115 2278 257 2343 gationem
267 2285 366 2344 postea
376 2293 486 2346 quoque
498 2281 615 2344 adiuvit,
636 2281 717 2347 plane
729 2283 810 2349 regio
823 2287 851 2330 et
862 2280 919 2331 ani·
1014 2277 1015 2320 ἕ

114 2359 160 2394 mo
172 2349 200 2394 et
218 2352 318 2396 sumtu.
353 2347 377 2396 3.
396 2346 553 2411 Aristoteli,
571 2365 625 2416 qao
637 2356 749 2400 naturas
759 2348 918 2399 animalium

111 2413 218 2462 certiu's
238 2419 321 2479 atque
341 2416 514 2480 perspectius
534 2418 715 2468 commentari
731 2421 836 2484 posset,
856 2421 919 2466 tota

112 2479 179 2530 Asia
189 2479 361 2547 Graeciaque
372 2497 469 2549 parere
480 2485 575 2547 iussit,
591 2490 729 2553 quotquot
738 2489 855 2545 venatu,
869 2498 916 2532 au-

113 2546 206 2612 cupio,
226 2549 368 2614 piscature
387 2551 471 2601 vitam
490 2552 661 2612 tolerabant,
682 2550 867 2616 autaliquem
888 2551 916 2600 in
1013 2577 1014 2582 =

110 2615 252 2666 eiusmodi
271 2619 392 2684 negotiis
411 2619 539 2684 peritiam
555 2620 677 2670 assecuti
689 2617 808 2668 fuerant.
845 2618 915 2667 Con-

110 2688 178 2746 stat,
188 2685 216 2734 in
227 2687 286 2735 eius
300 2687 392 2752 operis
409 2687 548 2753 impensas
564 2687 725 2752 octingenta
741 2685 847 2735 talenta
857 2683 916 2750 phi·
