2048 3034
92 205 144 258 loo
315 203 487 265 QUINTI
515 203 682 254 CURTll

91 307 202 375 flagitia
224 307 364 357 exereitus
387 305 437 359 ille
461 307 583 358 domitor
606 306 690 356 Asiae
709 319 760 370 per
778 301 902 355 XXXIV

93 377 153 425 dies
168 374 322 442 saginatus,
344 375 380 425 ad
395 389 428 425 ea
443 389 513 441 quae
534 374 723 442 sequebantur
736 372 902 424 discrimina

93 441 261 492 hauddubie
277 441 397 493 debilior
410 440 521 492 futurus
534 440 598 504 fuit,
617 442 643 492 si
661 439 772 491 hostem
786 437 900 490 habuis-

93 515 145 562 set.
183 509 322 572 Ceterum,
344 523 398 576 quo
410 511 500 559 minus
511 509 640 560 damnum
650 509 777 569 sentiret,
797 507 900 557 identi-

93 578 157 629 dem
171 577 344 628 incremento
360 576 556 628 renovabatur.
591 576 633 628 to.
652 573 778 642 Namque
796 575 900 640 Amyn-

92 650 136 696 tas
157 643 330 696 Andromeni
349 644 384 694 ab
401 645 547 710 Antipatro
566 643 753 694 Macedonum
772 641 901 708 peditum

92 727 143 765 sex
161 713 252 764 millia
271 712 398 765 adduxit:
426 712 452 762 D
473 719 620 779 praeterea
638 710 763 762 eiusdem
785 711 900 776 generis

93 783 212 848 equites.
248 781 289 832 dl.
310 781 378 834 cum
388 777 432 832 his
442 779 492 830 DC
502 779 637 841 Thracas,
648 778 786 829 adiunctis
798 777 900 844 pediti·

91 847 144 900 bus
156 863 223 900 suae
235 849 326 916 gentis
338 848 379 898 lll
390 847 514 899 millibus
526 854 554 899 et
564 847 599 908 D,
615 853 644 898 et
653 861 689 898 ex
699 846 899 912 Peloponneso

93 917 283 968 mercenarius
309 917 391 967 miles
414 914 450 966 ad
475 917 514 969 lV
531 916 621 966 millia
638 915 808 976 advenerat,
836 928 901 964 cum
936 961 938 964 .

93 983 271 1036 cchxxx
281 982 430 1049 equitibus.
457 984 498 1033 42.
510 983 587 1035 ldem
596 983 732 1048 Amyntas
744 981 902 1032 adduxerat
909 977 927 989 ‘⁸'

94 1050 119 1101 L
130 1053 285 1118 principum
295 1049 481 1102 Macedoniae
492 1051 596 1102 liberos
609 1051 735 1111 adultos,
758 1048 794 1100 ad
804 1054 900 1100 custo-

95 1119 169 1169 diam
181 1119 322 1184 corporis:
342 1118 444 1185 quippe
454 1119 528 1168 inter
539 1119 636 1186 epulas
647 1116 677 1169 hi
686 1123 750 1170 sunt
758 1117 838 1184 ¹regis
849 1117 900 1166 mi·

94 1185 192 1247 nistri3
213 1184 355 1251 iidemque
372 1197 459 1250 equos
471 1186 580 1237 ineunti
590 1186 729 1252 proelium
738 1183 899 1248 admovent,

93 1257 296 1318 venantemque
311 1253 490 1314 comitantum
505 1259 540 1304 ¹et
558 1255 719 1320 vigiliarum
739 1253 814 1304 vices
833 1258 900 1304 ante

94 1319 215 1369 cubiculi
227 1318 305 1371 fores
317 1325 441 1372 servant:
460 1335 679 1389 magnorumque
689 1319 900 1388 praefectorum

94 1392 123 1436 et
143 1386 241 1437 ducum
256 1385 325 1439 haec
338 1389 512 1439 incrementa
527 1395 635 1440 suntet
652 1389 817 1441 rudimenta.
854 1387 898 1440 43,

93 1452 182 1520 lgitur
188 1456 246 1505 orci
251 1455 425 1523 Babyloniae
435 1455 635 1525 rexAgathone
646 1457 807 1524 praesidere
817 1457 898 1508 iusso

93 1537 155 1572 cunr
168 1521 240 1573 Dcc
250 1523 436 1576 Macedonum
447 1526 636 1592 trecentisque
649 1525 779 1576 mercede
792 1523 899 1574 condu-

92 1590 155 1652 ctis,
176 1597 331 1656 praetores,
352 1593 400 1659 qui
414 1593 525 1660 regioni
540 1593 716 1660 Babyloniae
735 1599 764 1644 et
778 1591 899 1644 Ciliciae

90 1665 269 1725 praeessent,
281 1660 423 1712 Menetem
434 1667 463 1712 et
470 1661 673 1727 Apollodorum
683 1661 806 1727 reliquit.
842 1659 898 1712 llis

92 1727 148 1778 duo
159 1728 248 1778 millia
257 1729 381 1796 peditum
392 1745 453 1780 cum
464 1730 542 1780 mille
553 1729 668 1780 talentis
685 1729 761 1780 data:
782 1727 898 1795 utrique

90 1797 897 1916 littttttdtlnttuiutilititatem}

90 1937 151 1994 nat;
170 1931 379 1998 Bagopbanem,
417 1881 450 1982 ui
466 1947 559 1983 arcem
578 1879 742 1994 tiadiderail,
763 1946 793 1982 ae
813 1934 898 1998 sequi

90 1997 184 2050 iussit:
205 2000 334 2050 Armenia
348 1949 492 2062 Mitiureni,
513 1998 639 2052 Sardium
661 1999 808 2066 proditori,
829 1999 899 2054 data

90 2072 144 2116 est.
179 2065 221 2116 45.
241 2065 282 2116 Ex
301 2067 421 2132 pecunia
436 2067 537 2118 deinde
547 2067 722 2134 Babyloniae
732 2067 898 2119 Macedoni-

87 2131 141 2184 bus
163 2133 303 2201 equitibus
323 2134 437 2184 sexceni
456 2135 564 2186 denarii
588 2136 699 2186 tributi:
727 2137 896 2204 peregrinus

89 2214 175 2266 eques
187 2202 343 2267 quingenos
354 2202 472 2268 accepit,
493 2202 617 2255 ducenos
632 2203 729 2270 pedes,
748 2203 834 2256 trium
844 2205 896 2254 sti-

87 2267 220 2333 pendium
230 2268 375 2318 mensium.

106 2385 111 2396 ,
138 2333 173 2382 ll.
192 2335 246 2384 His
255 2335 296 2386 ita
306 2337 479 2402 compositis,
499 2339 527 2390 in
537 2339 692 2420 regionem,
713 2353 784 2407 quae
797 2337 895 2391 Satra-

18 2453 20 2456 ,
86 2413 157 2467 pene
168 2410 293 2466 vocatur,
313 2405 447 2470 pervenit.
484 2406 598 2458 Fertilis
608 2413 693 2469 terra,
706 2407 895 2473 copiarerum

86 2473 116 2520 et
130 2469 206 2520 omni
220 2479 375 2524 commeatu
388 2473 539 2526 abundans.
577 2477 602 2526 2.
621 2476 718 2542 ltaque
734 2475 842 2526 diutius
853 2476 897 2527 ibi

85 2537 224 2600 sirbstitit3
246 2554 280 2590 ac
290 2556 324 2591 ue
336 2540 448 2592 desides
460 2543 519 2593 otio
530 2543 710 2594 demitterent
719 2543 840 2604 animoa,
852 2545 895 2594 iu·

85 2605 163 2657 dices
175 2606 261 2670 dedit,
273 2612 450 2676 praemiaque
462 2609 608 2677 proposuit
618 2611 652 2661 de
662 2611 765 2662 virtute
775 2610 896 2662 militari

86 2674 269 2726 certantibus.
305 2677 329 2727 3.
348 2678 464 2739 Novem,
485 2679 532 2742 qui
551 2677 700 2730 fortissimi
715 2676 834 2730 iudicati
849 2693 895 2729 es-

83 2742 280 2803 sent-singulis
291 2745 408 2795 militum
419 2744 542 2815 millibus
555 2744 711 2812 praefuturi
722 2751 812 2810 erant,
819 2744 893 2810 (chi-

19 2999 201 3014 *-
