2036 3030
162 172 477 265 supernorum.
496 196 572 264 nul·
586 197 618 246 ¹¹·
638 168 758 271 lim·
771 195 795 244 ⁶·
832 184 866 278 ⁷i

59 321 123 368 tam
138 315 307 381 propinquus
323 313 477 366 discrimini
491 309 579 380 fuiti0
592 290 652 372 Gli,
675 295 694 344 'i
713 311 727 346 e
746 283 877 362 corporei

61 381 279 442 insidebat,ictu
289 381 375 448 gladii
384 395 434 446 per
444 381 516 432 latus
525 367 670 442 antmadp,
701 399 702 402 =
776 361 867 430 alter

61 449 145 500 serit.
182 450 222 499 21.
243 447 586 509 Quibusrebusveheuren
665 453 773 513 ritatus,
791 467 860 520 equs
910 451 912 458 ’

60 523 128 568 tatu
144 514 226 566 simul
236 521 264 566 et
278 513 377 580 phalan
400 530 415 566 e
432 517 617 566 circumdatos
633 519 778 570 occidione
794 520 858 570 occi

62 585 117 644 dit,
130 583 254 650 exceptis
266 532 443 634 duobushare
453 583 586 644 millibus,
602 583 687 650 quiin
699 583 865 637 deditionem

60 657 211 702 venerunt.
247 653 288 698 22.
308 649 339 699 ln
348 651 507 700 universum
518 665 600 700 caesa
610 657 674 700 sunt
692 665 726 700 ex
741 649 867 703 hostibus

62 717 169 785 viginti
178 717 301 783 peditum
314 716 414 778 millia,
433 716 488 766 duo
506 718 641 782 equitum:
663 723 806 781 captorum
820 733 869 784 par

62 786 156 838 ferma
176 798 305 834 numerus
324 782 385 834 hrit.
423 783 463 832 Ex
482 783 597 833 ducibus
611 783 743 832 Memnon
762 783 869 850 effugit,

62 868 129 904 curn
140 850 260 910 Arsace,
275 847 456 900 Rheomithre
468 850 618 914 etAtizye:
638 851 726 900 ceteri
744 848 869 906 honestis

61 918 229 972 vulneribus
240 917 438 968 occubuerunt.
461 916 575 976 Arsites,
588 931 669 982 quum
681 918 710 966 in
720 915 870 984 Phrygiam

59 1003 95 1038 se
107 986 273 1050 recepisset,
285 984 390 1048 pudore
402 989 430 1033 et
440 983 621 1049 poenitentia,
638 984 712 1050 quod
724 981 805 1035 huius
816 985 871 1035 cla-

61 1056 111 1107 dis
123 1065 210 1102 causa
221 1065 276 1100 non
286 1051 423 1100 immerito
439 1049 599 1113 haberetur,
619 1052 673 1102 sibi
688 1067 784 1102 manus
799 1053 860 1103 intu

59 1124 109 1173 lit.
131 1119 173 1168 23.
184 1117 340 1168 Alexander
349 1131 452 1182 paucos
464 1119 583 1184 quidem,
595 1119 643 1168 sed
657 1120 861 1184 promtissimos

60 1205 101 1240 ρο
128 1184 239 1252 proelio
262 1184 389 1250 perdidit.
411 1186 558 1252 ‘Triginta
580 1187 726 1238 admodum
751 1187 869 1252 pedites,

61 1252 381 1320 septuagintaquinque
401 1255 508 1320 equites
528 1253 696 1304 ceciderant.
733 1255 821 1322 lgitur
841 1261 871 1304 ut

62 1319 244 1380 ostenderet,
266 1321 391 1370 omnibus
405 1321 433 1370 in
443 1327 560 1386 utraque
571 1320 682 1372 fortuna
693 1323 766 1388 apud
776 1337 806 1372 se
817 1323 864 1372 vir·

62 1389 122 1442 tuti
135 1387 286 1453 praemium
301 1385 373 1450 lore,
384 1389 549 1453 superstites
560 1388 708 1441 Persarum
721 1389 819 1457 spoliis
832 1389 866 1440 di

63 1466 122 1509 tat:
141 1453 297 1505 occisorum
314 1469 432 1520 corpora
451 1471 512 1506 cum
530 1458 613 1506 armis
630 1464 780 1524 ceteroque
795 1457 870 1508 cultu

63 1521 216 1589 magnifice
225 1521 340 1587 sepelit:
360 1523 519 1588 parentibus
528 1537 623 1574 eorum
632 1523 783 1590 liberisque
794 1539 868 1574 vaco

63 1594 173 1642 tionem
186 1603 329 1639 munerum
341 1591 477 1641 concedit.
505 1590 546 1640 ll.
562 1589 776 1642 vulneratorum
788 1591 867 1644 etiam

65 1671 136 1709 cura
146 1656 295 1707 ambitiose
305 1663 368 1706 aeta
378 1662 429 1716 est,
451 1673 533 1723 quurn
543 1659 603 1722 ipse
614 1672 664 1710 rex
673 1657 803 1710 obeundo
815 1663 870 1708 ten·

65 1725 143 1775 toria
161 1729 189 1776 et
206 1723 381 1789 inspiciendo
402 1725 527 1788 singulos
552 1723 770 1774 sollicitudinem
794 1737 872 1774 suam

66 1807 119 1859 pro
132 1791 270 1859 gregariis
281 1789 363 1840 etiarn
379 1790 511 1839 militibus
527 1795 688 1852 ostentaret,
703 1805 745 1851 ac,
762 1804 873 1856 gravem

67 1861 204 1924 cuiusque
222 1873 316 1908 casum
336 1857 526 1908 munificentia
542 1855 726 1923 laudibusque
746 1861 794 1906 aut
812 1870 874 1921 pro-

66 1927 163 1977 missis
174 1926 322 1977 solaretur.
359 1923 400 1974 25.
423 1924 500 1985 Quae
518 1924 634 1974 comitas
651 1925 679 1974 in
693 1926 786 1975 omnia
799 1923 874 1973 dein-

69 2007 138 2059 ceps
149 1993 273 2058 pericula
283 1993 433 2044 fidissimos
448 1994 475 2042 ei
488 1992 639 2058 praestitit:
659 2007 710 2044 nec
729 1993 875 2058 quisquam

69 2059 213 2111 recusavit
222 2061 348 2126 spiritum
361 2074 409 2126 pro
418 2074 452 2110 eo
464 2074 531 2126 rege
540 2059 718 2124 profundere,
727 2061 774 2126 qui
785 2071 875 2124 neque

69 2129 159 2178 vitam
175 2142 287 2178 suorum
304 2127 417 2193 inopem
434 2140 523 2194 neque
543 2133 661 2179 mortem
679 2126 874 2178 inhonoratam

72 2199 223 2261 pateretur.
261 2194 302 2246 26.
322 2194 442 2260 Insignis
457 2209 522 2260 prae
541 2197 643 2246 ceteris
662 2193 752 2245 honor
769 2193 823 2244 fuit
837 2193 876 2243 vi·

73 2263 144 2329 ginti
156 2263 275 2330 quinque
287 2262 409 2328 equiturn
421 2269 556 2314 exterma
566 2263 726 2323 amicorum,
742 2274 812 2328 quos
823 2263 876 2327 pri·

71 2345 117 2380 rno
131 2329 224 2379 statim
234 2343 388 2396 congressu
403 2343 437 2380 ex
452 2329 547 2396 iniquo
562 2329 626 2380 loco
640 2334 795 2394 pugnantes
810 2329 875 2379 mul·

72 2395 165 2447 titudo
176 2395 325 2447 Persarum
337 2403 523 2462 oppresserat.
559 2397 600 2446 27.
622 2395 692 2446 Nam
708 2395 842 2464 Lysippo,
861 2411 875 2449 a

13 2467 15 2477 “
74 2478 130 2529 quo
142 2477 206 2525 uno,
221 2469 335 2529 propter
347 2460 466 2514 hominis
482 2464 619 2529 peritiam,
636 2463 665 2512 in
675 2476 740 2514 aere
750 2465 818 2532 lingi
832 2480 874 2516 ro

73 2529 176 2590 luerat,
188 2531 344 2596 imperavit,
358 2537 389 2581 ut
397 2539 542 2597 equestres
557 2532 626 2597 ipsis
641 2537 746 2582 statuas
760 2531 871 2582 faceret:

77 2612 147 2662 quas
168 2599 239 2664 apud
258 2597 333 2648 Dion
354 2598 538 2649 Macedoniae
562 2597 691 2663 oppidum
715 2598 876 2659 collocatas,

76 2670 143 2780 Rpst
152 2663 265 2732 longam
276 2671 410 2726 aetatem,
426 2665 531 2717 abolito
542 2665 727 2717 Macedonum
736 2680 834 2733 regno,
849 2661 879 2724 e

109 2732 210 2784 etellus
230 2733 344 2783 Romam
363 2733 513 2784 transtulit.
550 2735 591 2783 28.
612 2733 733 2784 Primum
748 2731 829 2782 huius
845 2730 881 2778 vi·

942 2917 1009 3000 Δ
