2036 3030
42 173 46 190 ‘
128 155 160 206 62
313 147 450 201 lOANN.
469 144 744 198 FRElNSllEMll

130 253 232 304 Persici
247 250 495 318 imperiipartibum
505 266 556 316 per
570 247 730 314 totiufestas
745 243 869 294 rectiones
882 243 941 292 iter

128 322 156 370 iu
167 317 374 388 patriamferro
391 326 564 384 aperturum,
581 331 659 382 quiem
669 329 712 364 eus
724 320 942 378 persequeretur

129 387 266 437 rrrtioersue
281 386 352 453 regis
366 385 497 436 exercitus
505 421 513 445 ,
529 400 580 452 quo
597 382 674 432 niodo
689 396 749 430 cum
761 378 943 446 Cyrofratre

131 455 161 504 de
175 469 261 521 regno
277 453 462 515 dimicaverat,
481 450 618 517 uictorque
634 448 788 500 exstiterat.-
809 462 888 513 quem
898 446 943 496 ilii

132 519 235 588 quidem
249 520 398 588 ubicunque
417 533 587 587 congressum
599 516 735 586 fuderunt
746 514 939 584 fugaveruntg

132 605 189 656 que.
227 589 267 637 21.
288 587 453 656 Nosigitar,
470 585 562 653 quibas
576 585 699 636 urrirersa
715 582 831 634 Graecia
845 583 938 632 totoi-
1005 574 1006 594 ’

132 655 224 706 ctoriae
234 656 349 707 edomita
354 663 444 723 paret,
452 653 498 722 qui
507 651 769 720 earumfartitrimoe
780 659 829 700 aut
837 649 866 699 ia
876 650 941 700 acie
1005 659 1006 664 ’

132 723 279 787 cecidimus,
301 731 349 776 aut
362 721 487 773 habemus
499 720 528 772 ia
544 721 651 780 castris,
675 717 822 769 timebimus
834 716 942 768 scilieet

132 791 232 853 Asiam,
262 807 324 843 uam
334 806 436 852 eorum,
449 805 513 856 quor
522 788 643 850 uicimus,
651 785 736 854 paud
740 784 871 852 pudendis
882 787 940 836 cla·

132 859 207 910 didas
220 810 390 928 affecerunt?
415 860 458 908 22.
476 857 546 909 Aliis
565 855 665 909 deinde
685 856 713 904 in
736 860 852 904 eandem
874 867 942 904 sen-

131 928 247 978 tentiam
258 926 385 987 adieetis,
397 925 467 975 adeo
478 925 615 988 permovit
624 925 747 986 animos,
760 929 791 972 ut
807 922 940 973 omnibus

132 994 350 1045 assentientibus
366 993 448 1042 etiam
462 992 624 1053 Parmenio,
639 992 686 1058 qui
701 992 819 1040 maxime
830 989 939 1040 bellum

133 1061 241 1112 differri
262 1060 402 1120 voluerat,
425 1059 543 1109 maxime
563 1059 774 1109 accelerandum
795 1065 938 1118 censeret,

132 1129 263 1194 ultroque
283 1128 336 1176 iam
357 1125 542 1178 Alexandrum
562 1124 729 1177 hortaretur.
774 1126 815 1176 23.
837 1125 939 1192 ltaque

134 1196 209 1246 omni
225 1210 292 1244 cura
305 1194 548 1244 admaturandam
566 1193 770 1260 profectionem
789 1207 938 1256 conversa,
1007 1191 1008 1206 ³

133 1263 168 1312 ad
183 1260 267 1312 Dium
282 1260 465 1312 Macedoniae
486 1261 581 1312 urbem
599 1261 659 1313 lovi
677 1261 806 1328 Olympio
825 1276 939 1315 sacrum
1007 1275 1008 1284 ¹

132 1329 215 1391 feeit,
231 1329 388 1380 institutum
406 1331 440 1380 ab
458 1328 611 1392 Archelao,
626 1332 673 1396 qui
691 1336 755 1394 post
772 1328 940 1381 Perdiccam

131 1396 282 1448 Alexandri
294 1397 380 1447 tilium
390 1399 525 1464 regnavit.
562 1398 651 1449 Musis
663 1411 772 1464 quoque
783 1397 865 1448 ludos
877 1413 940 1449 sce-

132 1465 212 1514 nicos
225 1463 305 1528 fecit,
326 1479 491 1530 pernoram
509 1465 582 1528 dies,
602 1481 651 1532 pro
670 1480 785 1516 numero
802 1463 939 1520 Dearunr.

132 1532 175 1582 24.
194 1531 265 1583 Post
274 1531 344 1584 haee
357 1533 514 1584 convivium
529 1549 635 1584 summa
644 1533 853 1600 magnificentia
864 1534 940 1585 cele-

132 1600 242 1651 bratum
253 1607 304 1664 est,
311 1600 500 1663 tabernaculo,
508 1601 582 1668 quod
593 1607 703 1653 centurn
713 1600 803 1652 lectos
815 1610 941 1668 caperet,

133 1667 279 1720 adornato.
315 1666 355 1719 lbi
367 1684 428 1720 cum
439 1669 546 1730 amicis,
558 1670 744 1735 ducibusque,
756 1674 784 1718 et
794 1669 940 1720 civitatum
1008 1731 1009 1740 ἵ

132 1736 235 1804 legatis
255 1737 392 1788 accubuit.
427 1737 468 1789 25.
488 1737 543 1788 Per
563 1739 715 1788 exereitum
730 1751 841 1804 quoque
858 1739 941 1788 vieti·
1008 1741 1009 1750 ’

133 1819 193 1854 mas
204 1805 287 1856 dividi
299 1806 388 1866 iussit,
401 1804 509 1871 aliaque
520 1805 658 1870 praeberi,
671 1804 770 1870 quibus
782 1804 941 1855 destinatus

133 1871 268 1923 hilaritati
282 1873 341 1924 dies
352 1873 461 1924 festivis
473 1874 562 1938 epulis
573 1877 601 1922 et
614 1871 715 1922 faustis
730 1873 860 1925 instantis
870 1871 941 1923 belli

135 1940 272 1992 ominibus
281 1942 494 2008 transigeretur.
668 1996 674 2008 ,

186 2008 233 2058 lll.
255 2007 329 2058 Vere
354 2021 439 2068 novo,
466 2008 618 2057 contractis
639 2006 761 2073 undique
786 2006 891 2074 copiis,
911 2008 940 2058 in

136 2076 228 2126 Asiam
244 2075 401 2135 transiecit,
418 2074 569 2124 exercitum
587 2072 703 2136 robore,
721 2088 939 2141 quamnumero,

136 2144 300 2193 validiorem
324 2141 437 2191 ducens.
472 2141 602 2208 Triginta
620 2141 744 2206 peditum
767 2141 856 2192 millia
874 2141 941 2194 Par-

136 2211 230 2261 menio
243 2208 374 2260 ducebat:
388 2224 504 2276 quorum
519 2207 691 2260 Macedones
702 2210 837 2263 tredecim
847 2209 942 2275 exple-

136 2283 246 2338 verant;
258 2277 378 2344 quinque
390 2282 469 2327 erant
478 2278 607 2329 mercede
617 2278 807 2342 militantium
818 2282 939 2328 ceteram

136 2343 340 2395 multitudinem
351 2343 422 2394 socii
438 2343 632 2412 foederatique
645 2347 787 2396 miserant.
822 2345 882 2396 Has
894 2359 939 2393 co-

136 2411 198 2478 pias
209 2410 296 2478 lllyrii
313 2409 492 2480 Thracesque
508 2419 537 2465 et
553 2413 687 2476 Triballi,
703 2413 739 2464 ad
754 2414 876 2479 quinque
891 2410 939 2462 ho·

137 2477 241 2528 minum
251 2477 338 2530 millia
348 2481 544 2548 sequebantur,
555 2481 659 2532 additis
669 2481 745 2532 mille
755 2482 939 2548 Agrianorum

138 2545 300 2613 sagittariis.
337 2550 363 2600 2.
381 2547 541 2616 Equitatum
555 2549 741 2600 Macedonum
756 2549 834 2599 mille
852 2547 940 2598 octin-

138 2622 285 2732 {antarum
295 2614 421 2668 Philotas
432 2617 564 2680 ducebat,
579 2623 608 2667 et
617 2615 735 2668 totidem
747 2631 784 2670 ex
792 2613 940 2668 Thessalia

161 2682 231 2735 alas:
252 2698 270 2734 a
285 2683 394 2752 reliqua
414 2683 534 2737 Graecia
554 2686 680 2736 sexcenti
700 2686 812 2737 omnino
831 2681 940 2750 equites
