2048 3034
156 182 208 236 ²54
378 169 547 235 QUINTI
576 163 743 218 CURTII

158 253 225 352 nuuc
244 275 441 342 destinavimus,
463 270 617 344 efficiemus.
655 267 696 318 15.
715 265 878 332 Adiecitque
900 277 964 327 rex,

158 352 199 401 sio
210 362 273 400 esse
281 345 421 412 scriptam,
432 347 463 392 ut
472 341 531 390 sive
543 337 577 388 ad
589 336 662 386 filios
673 333 856 402 pervenisset,
868 345 885 380 a
895 346 965 382 oon-

158 418 224 468 sciis
235 404 478 482 posseiintelligi3
499 406 558 457 sive
568 406 726 469 intercepta
740 406 828 463 esset,
847 397 968 450 falleret

156 487 280 552 ignaros.
316 481 358 532 16,
378 473 493 528 Atenim
503 471 627 534 Dimnus,
650 465 966 546 quumceterospartici-

154 567 202 620 pes
219 547 324 601 securis
336 544 478 604 indicaret,
496 539 634 592 Philotam
647 553 702 588 non
717 534 881 587 nominanti
902 533 968 586 Hoc

158 618 262 689 quidem
281 613 351 667 illius
364 629 418 664 non
432 607 610 668 innocentiae,
630 605 677 658 seli
685 602 825 672 potentiae
834 601 967 654 indicium

158 694 205 749 est,
218 683 290 754 quod
298 681 335 734 sic
345 681 378 732 ab
390 679 422 731 iis
433 677 542 730 timetur
552 673 663 735 ctiam‚a
674 671 767 739 aniius
774 669 965 738 proclipatsst,

157 747 354 834 utqunmdese
378 741 798 807 ascantentunmtanencelenr.
821 737 965 789 Castorum

161 821 296 874 Philotam
313 817 325 868 i
342 831 395 867 saus
413 812 517 864 indicat
528 810 592 862 nitu.
630 809 670 858 lt.
689 805 899 886 HicAmuntas,
921 804 966 884 qui

159 889 298 942 milsicons
334 883 409 935 rinus
416 881 486 951 fuit,
506 877 569 930 etin
580 872 836 941 Macedoniucapsti
845 888 905 925 meo
915 888 962 924 sm-

157 957 217 1027 pias
228 950 395 1020 comparauit
404 947 523 1009 iusidias,
542 943 643 997 socium
651 959 678 994 ss
688 948 715 993 et
723 940 858 992 conscium
870 939 962 992 aliun-

159 1025 209 1077 xit.
247 1021 301 1072 Hic
310 1019 412 1078 Attalo,
432 1025 483 1082 qno
491 1011 647 1094 pauorem
656 1008 794 1061 inimicum
804 1024 859 1058 nan
871 1005 960 1069 haisti,

161 1105 280 1143 sororem
291 1103 366 1139 suam
375 1085 404 1136 in
414 1080 614 1134 matrimonium
626 1077 705 1132 ledit.
742 1078 782 1128 18.
801 1074 865 1139 Hie,
888 1089 963 1144 quum

161 1156 321 1225 scripsissem
331 1152 364 1214 si,
381 1167 433 1219 pro
443 1150 503 1201 iure
513 1157 568 1199 tam
573 1143 725 1217 familiaris
734 1159 796 1195 usus
807 1151 890 1211 atque
901 1142 963 1196 umi-

163 1225 255 1284 citiae,
271 1220 356 1300 qualis
365 1234 422 1270 sors
435 1216 506 1269 edita
517 1224 584 1267 esset
594 1213 665 1266 Isou
675 1210 834 1263 Hammonis
846 1211 962 1272 oraculo,

161 1290 287 1345 sustinuit
298 1285 442 1339 rescribere
451 1283 531 1334 milti.-
549 1298 596 1345 „se
611 1280 715 1349 quidem
725 1277 874 1348 gratulari,
899 1277 967 1347 quoi

162 1361 191 1410 in
201 1371 338 1410 numeram
348 1353 468 1405 Deorum
478 1358 598 1416 receptus
608 1364 702 1400 essem:
721 1355 838 1400 ceterum
848 1342 966 1400 misereri

163 1441 263 1487 earum,
275 1423 368 1491 quibus
378 1419 514 1472 uiuendum
524 1426 590 1469 esset
599 1416 646 1468 sul
659 1433 699 1477 eo,
712 1415 759 1482 qui
766 1415 873 1466 modum
884 1413 964 1467 tomi

164 1495 204 1546 nis
224 1492 390 1544 excederet.“
425 1486 465 1538 19.
488 1485 563 1536 Haec
580 1492 645 1535 sunt
661 1482 742 1534 etium
763 1481 848 1533 animi
861 1483 965 1550 pridem

164 1560 277 1614 alienati
289 1575 306 1610 a
320 1573 361 1609 mc
377 1565 405 1608 et
416 1553 556 1606 insidentis
587 1551 672 1603 larius
682 1566 755 1602 meus
765 1549 881 1602 indicia:
903 1565 965 1618 quui

184 1629 278 1688 uidem,
301 1625 405 1686 milites,
426 1620 551 1691 quamdiu
562 1569 646 1681 licent
665 1617 694 1669 in
706 1617 795 1669 animo
807 1633 865 1670 meo
873 1617 965 1686 pressi.

167 1650 364 1750 i'iieinreaim
374 1687 692 1758 miiipartemuiscerum
700 1685 965 1754 meorumuirumpe·

165 1785 202 1829 re,
215 1765 246 1828 si,
258 1763 286 1815 in
297 1778 362 1830 quos
373 1770 427 1813 tam
438 1773 538 1826 magna
548 1755 722 1816 contuleram,
733 1752 840 1805 uiliores
849 1751 965 1822 miliss-

166 1850 260 1888 ccrsm.
297 1833 338 1882 20.
350 1827 465 1880 Saliam
475 1819 899 1890 nonacriapunienslasunt51in

167 1900 301 1954 temeritas
315 1895 439 1965 peruenit
458 1893 494 1944 ad
508 1891 623 1960 gladios.
659 1887 730 1950 Has,
744 1887 769 1940 si
776 1887 845 1940 miii
853 1903 899 1940 ere
922 1887 967 1949 ¹⁸,

165 1969 289 2022 Philotas
303 1965 331 2015 in
346 1979 386 2014 me
400 1960 480 2013 acuit.
517 1958 551 2010 Id
560 1957 646 2025 siipss
657 1955 771 2019 admisit,
793 1971 846 2024 quo
856 1971 898 2007 nse
909 1971 968 2008 cou-

165 2039 265 2107 seram,
275 2031 387 2084 milites?
406 2027 451 2080 cui
459 2035 541 2094 caput
552 2042 637 2078 meum
648 2025 773 2076 credam!
801 2021 970 2092 21.,Equitu-

167 2105 216 2166 tui,
238 2100 354 2169 optimae
370 2093 500 2146 oneratas
551 2093 596 2156 nti,
614 2091 780 2162 principibus
792 2089 971 2144 nobilissimae

166 2167 311 2223 iuuentutis
331 2179 412 2216 unum
427 2110 566 2234 scansili:
585 2162 708 2223 salutem,
728 2173 809 2227 spem,
829 2158 971 2210 uictoriam

167 2254 253 2290 meam
264 2231 335 2303 fidei
353 2230 408 2282 eius
423 2231 572 2298 tutelaeque
589 2227 724 2296 comusisi.¹
752 2229 794 2277 22.
814 2225 926 2278 Patrem
945 2225 972 2276 iu

167 2307 236 2354 idem
240 2299 402 2371 fastigium,
413 2299 441 2349 in
454 2315 505 2366 quo
516 2314 556 2349 me
565 2296 618 2365 ipsi
621 2295 758 2363 assumtis,
770 2293 878 2348 admoui
885 2313 894 2344 :
918 2291 971 2346 Me-

170 2371 249 2432 diam,
270 2384 323 2437 qua
333 2367 405 2418 nulla
415 2365 565 2434 opulentior
575 2363 652 2432 regia
663 2371 710 2426 est,
732 2369 774 2413 tot
781 2360 879 2414 ciuium
889 2361 971 2414 sacio-

170 2454 279 2505 rumque
298 2435 382 2488 millia
398 2433 578 2502 imperiosius
594 2431 740 2499 ditionique
750 2429 858 2482 suiiecs'.
901 2427 973 2480 Una
1014 2483 1015 2490 χ

166 2505 330 2578 praesidium
347 2503 493 2571 petiemm,
507 2500 656 2569 periculum
675 2497 785 2551 excutit.
821 2499 865 2550 23.
887 2495 974 2562 Quam
1014 2497 1015 2510 ²

164 2573 287 2647 feliciter
295 2572 324 2622 in
335 2571 392 2623 acie
403 2569 565 2630 condusam,
573 2567 664 2636 patim
674 2565 757 2618 iestis
763 2565 882 2633 praeda,
915 2578 976 2615 uam

171 2642 234 2694 ciuis
244 2640 366 2693 uictima!
378 2638 457 2690 Nunc
467 2645 586 2690 seruatus
597 2652 629 2688 ex
634 2633 773 2703 periculis,
795 2649 863 2702 quas
872 2582 932 2685 sala
944 2632 976 2683 n·-

171 2710 235 2773 mui,
248 2711 277 2761 in
287 2709 353 2760 llaec
361 2706 454 2770 incili,
465 2723 533 2773 quus
543 2703 636 2756 timere
645 2721 699 2756 nan
709 2701 793 2755 delui.
823 2703 866 2752 24.
877 2699 979 2752 soum
