2054 3030
392 170 396 186 i

154 235 200 284 122
369 226 543 288 QUINTI
571 225 736 276 CURTll

153 346 251 398 agmen
273 345 328 379 non
348 334 476 393 poterant
495 327 634 396 persequi,
659 339 726 376 exce
746 325 877 376 ti'erant.
925 327 972 379 15.

152 399 230 460 Quos
242 411 346 458 omnes,
357 396 491 446 instinctu
501 341 852 462 purpuratorum,l>arbara
861 391 961 445 ierita

151 474 180 516 te
191 463 521 528 saevientium‚praecisis
532 462 693 528 adustisque
704 461 830 511 manibus
842 461 974 512 circum-

153 532 226 593 duci,
247 537 278 581 ut
297 532 393 598 copias
415 545 479 580 suas
498 534 658 592 noscerent3
683 529 808 595 satisque
828 529 975 580 omnibus

151 601 295 666 spectatis,
307 600 434 648 nuntiare
446 610 516 662 quae
525 597 660 647 vidissent
670 598 731 662 regi
740 608 802 656 suo,
813 595 910 646 iussit.
926 595 973 646 16.

152 667 239 719 Motis
250 681 318 732 ergo
331 666 439 725 castris,
455 669 568 728 superat
582 662 711 713 Pinarum
727 676 848 723 amnem,
864 664 897 713 in
910 670 974 714 ter·

153 738 210 804 gis,
221 740 252 785 ut
263 734 406 793 credebat,
422 731 588 798 fugientium
602 729 747 780 haesuros.
783 730 818 780 nt
827 729 880 791 illi,
894 746 973 798 quo·

89 849 93 858 .
152 820 212 854 rum
225 805 540 867 amputaveratmauus‚
562 798 595 848 ad
612 803 705 848 castra
717 797 907 848 Macedonum
921 814 973 865 pe·

152 876 274 931 netrant,
289 868 417 929 Darium,
433 883 514 933 quam
529 867 648 917 maximo
663 879 746 916 cursu
760 870 866 930 posset,
879 867 973 933 sequi

151 939 321 990 nuntiantes.
358 938 397 985 17.
409 934 464 985 Vin
473 935 542 985 fides
555 931 717 984 habebatur.
753 933 850 999 ltaque
862 947 970 998 specu·

152 1007 258 1058 latores
280 1005 308 1052 in
323 1003 475 1052 maritimas
490 1004 621 1068 regiones
632 1002 800 1066 praemissos
812 999 971 1064 explorare

152 1074 239 1134 iubet,
255 1073 352 1137 ipsene
368 1068 489 1128 adesset,
511 1084 545 1118 an
560 1069 766 1134 praefectorum
780 1065 881 1131 aliquis
900 1083 971 1134 spe·

154 1143 225 1192 ciem
241 1137 417 1205 praebuisset
430 1137 553 1186 universi
572 1137 709 1186 venientis
730 1135 880 1185 exercitus.
926 1137 970 1186 18.

154 1207 209 1259 Sed
222 1221 304 1284 quum
315 1202 505 1268 speculatores
516 1209 737 1264 reverterentur,
754 1202 851 1268 procul
861 1204 971 1268 ingens

154 1271 304 1324 multitudo
316 1277 467 1336 conspecta
478 1277 529 1320 est.
564 1270 647 1336 ignes
665 1270 765 1320 deinde
776 1271 844 1320 totis
857 1274 971 1337 campis

156 1341 296 1390 collucere
312 1345 475 1403 coeperunt,
497 1340 643 1404 omniaque
658 1339 736 1388 velut
753 1337 908 1388 continenti
928 1341 973 1388 in·

155 1409 256 1458 cendio
267 1405 365 1456 ardere
378 1407 448 1455 risa:
466 1421 548 1471 quum
560 1405 704 1456 incondita
717 1404 866 1457 multitudo
877 1409 972 1458 maxi·

155 1489 199 1526 me
210 1480 325 1541 propter
340 1473 462 1523 iumenta
477 1473 567 1524 laxius
582 1474 720 1524 tenderet.
756 1471 798 1523 19.
818 1473 919 1540 ltaque
934 1489 970 1524 eo

154 1543 217 1607 ipso
236 1543 299 1592 loco
317 1542 416 1591 metari
431 1556 497 1592 suos
510 1547 602 1591 castra
615 1541 750 1605 iusserat;
769 1541 871 1602 lactus,
889 1542 970 1606 quod

157 1610 232 1661 omni
243 1609 416 1676 expetiverat
425 1615 505 1670 voto,
524 1609 620 1659 inillis
635 1609 810 1674 potissimum
824 1610 971 1675 angustiis

155 1675 364 1730 decernendum
385 1675 456 1727 fore.
492 1679 533 1727 20.
558 1677 702 1738 Ceterum,
731 1684 762 1726 ut
789 1675 864 1726 solet
892 1677 972 1738 fieri,
1019 1731 1020 1736 ,

156 1761 238 1813 quum
248 1745 340 1795 ultimi
351 1744 517 1794 discriminis
529 1752 639 1810 tempus
657 1744 799 1805 adventat,
815 1744 845 1792 in
859 1743 971 1795 sollici·
1019 1767 1020 1798 ;

155 1815 278 1866 tudinem
299 1826 381 1863 versa
401 1812 502 1863 fiducia
512 1820 564 1862 est.
600 1812 679 1861 lllam
703 1811 791 1878 ipsam
812 1809 969 1871 fortunam,
1019 1865 1020 1876 γ

156 1897 209 1950 qua
220 1881 378 1946 adspirante
389 1893 434 1930 res
445 1886 500 1931 tam
512 1894 645 1945 prospere
660 1886 795 1946 gesserat,
805 1879 971 1940 verebatur,
1019 1879 1020 1942 ζ

156 1964 207 2000 nec
218 1949 321 1998 iniuria
330 1963 366 1998 ex
376 1945 428 2007 his,
440 1951 510 2012 q'uae
521 1946 668 1997 tribuisset
677 1947 740 2010 sibi,
756 1961 836 2013 quarn
844 1948 970 1998 mutabi-
1019 1945 1020 1974 ³

155 2017 190 2066 lis
202 2021 290 2075 esset,
306 2014 460 2080 reputabat.
491 2014 579 2064 Unam
592 2028 738 2081 superesse
749 2021 876 2076 noctem,
895 2029 970 2082 quae

156 2083 227 2135 tanti
248 2081 417 2132 discriminis
437 2088 593 2131 moraretur
617 2089 755 2133 eventum.
796 2083 838 2132 21.
858 2083 971 2133 Rursus
1019 2079 1020 2138 Τ

157 2148 342 2202 occurrebant
355 2150 461 2198 maiora
471 2149 603 2214 periculis
620 2152 754 2215 praemia:
775 2156 811 2210 et,
828 2149 905 2200 sicut
920 2149 972 2200 du-

155 2218 230 2269 bium
243 2223 327 2279 esset,
339 2231 374 2266 an
387 2216 517 2277 vinceret,
535 2219 575 2267 ita
584 2216 655 2267 illud
667 2218 761 2283 utique
773 2224 880 2268 certum
893 2233 971 2277 esse,

155 2282 274 2335 honeste
286 2291 315 2336 et
326 2299 387 2334 cum
398 2299 498 2351 magna
507 2284 590 2335 laude
600 2285 773 2337 moriturum.
809 2287 852 2334 22.
867 2285 973 2351 ltaque

156 2365 276 2416 corpora
285 2353 388 2404 milites
400 2366 497 2402 curare
508 2353 598 2413 iussit,
617 2367 649 2402 ac
661 2353 761 2404 deinde
772 2353 859 2403 tertia
868 2353 974 2420 vigilia

155 2419 309 2470 instructos
320 2426 349 2470 et
359 2427 479 2470 armatos
492 2434 563 2470 esse.
593 2419 654 2484 lpse
665 2421 693 2470 in
703 2421 798 2487 iugum
810 2420 880 2472 editi
889 2435 974 2470 mon-

155 2485 193 2537 tis
204 2484 357 2548 adscendit,
369 2487 517 2552 multisque
532 2487 735 2538 collucentibus
753 2487 861 2539 facibus
873 2490 973 2554 patrio

155 2566 233 2604 more
256 2555 421 2606 sacrificium
442 2554 503 2604 Diis
522 2554 699 2619 praesidibus
722 2554 779 2606 loci
799 2554 877 2607 iecit.
925 2559 972 2606 23.

155 2621 268 2685 lamque
283 2622 404 2683 tertium,
423 2622 685 2688 sicutpraeoeptum
695 2630 765 2684 erat,
777 2625 887 2690 signnm
899 2624 975 2675 tuba

156 2687 238 2738 miles
259 2695 418 2751 acceperat,
442 2688 537 2737 itineri
557 2690 639 2739 simul
658 2697 772 2754 paratus
794 2697 822 2741 et
840 2691 971 2756 proelio:

156 2761 324 2818 strenueque
335 2755 404 2804 iussi
415 2755 692 2820 procedere‚oriente
705 2757 767 2807 luce
778 2767 976 2823 pervenerunt
