2082 3042
322 214 470 266 LIBER
497 213 579 266 Vlil.
613 217 706 268 CAP.
734 209 780 269 li.¹
880 220 930 272 sal

121 328 184 368 rum
193 316 301 378 teneri,
315 313 388 366 baud
398 329 480 366 secus
491 331 572 381 quam
583 314 713 377 chartae,v
725 319 868 370 literarum
882 335 930 372 no-

121 388 166 435 tas
177 385 298 449 capiunt.
336 382 375 432 iii.
394 383 468 433 Aves
483 383 519 434 ad
529 382 692 434 imitandum
703 383 837 438 humanae
849 389 928 440 vocis

122 465 223 502 sonum
233 451 339 502 dociles
350 455 422 500 aunt.
458 450 596 502 Animalia
604 450 738 500 inusitata
749 455 850 504 ceteris
862 469 928 522 gan-

121 517 206 580 tibus,
217 518 272 568 nisi
280 521 398 568 invecta.
435 517 476 566 17.
495 517 601 568 Eadem
611 524 687 568 terra
697 522 725 567 et
732 518 927 574 rhinocerotas

120 586 180 646 alit,
192 599 247 636 non
258 591 382 652 generat.
401 583 621 650 Elephantorum
631 585 722 635 maior
732 587 835 647 astris,
844 603 926 654 quam

120 665 192 719 quos
212 653 241 704 in
255 651 350 704 Africa
370 651 520 714 domitant;
541 660 571 702 et
583 651 689 703 viribus
704 653 865 720 magnitudo
883 671 926 708 os.

120 719 248 786 spondet.
285 720 326 771 18.
345 719 450 772 Aurum
462 717 698 781 fluunnavebunt,
718 733 789 786 quae
803 719 861 770 leni
870 735 926 771 mo-

120 785 240 854 dicoque
258 787 339 854 lapsu
356 801 460 853 segnes
479 801 565 852 aquas
586 787 698 838 ducunt.
738 786 775 837 19.
796 785 926 839 Gemmas

118 855 342 923 margaritasque
355 869 431 904 mare
449 853 579 906 litoribus
595 853 725 904 infundit
760 853 857 920 Neque
871 854 927 907 alia

117 921 175 973 illis
194 923 287 972 maior
306 921 466 987 opulentiae
482 936 568 972 causa
581 927 638 985 est;
659 921 765 986 ntique,
780 927 926 988 postquam

44 1000 47 1007 ’
117 989 250 1040 vitiorum
266 989 463 1039 commercium
476 988 626 1056 vulgavere
636 987 668 1039 'in
682 994 794 1040 exteras
813 996 925 1054 gentes:

118 1057 222 1171 quippe
233 1058 416 1175 aqsffirqntur
426 1063 612 1175 putqgaqsenqq
618 1053 852 1173 aqstuantiahlreti
866 1071 926 1122 pre-

119 1136 315 1270 sigbtffilffique,
325 1137 471 1258 qpqdciqqngs
481 1139 607 1242 lffcamm
614 1137 926 1258 quqqqffiufflquqnt,

117 1257 927 1393 it.‚bittiltttttlttt'bballeluiata:

117 1392 196 1456 deat3
207 1391 325 1444 brachia
334 1408 446 1460 quoque
455 1401 484 1445 et
493 1393 620 1446 lacertos
627 1394 810 1454 aurocolunt‚
823 1393 923 1460 quibus
1009 1395 1019 1414 ⁸

117 1460 192 1511 inter
202 1461 353 1527 populares
369 1466 416 1511 aut
430 1461 562 1512 nobilitas
578 1468 626 1512 aut
636 1477 703 1528 opes
713 1461 845 1512 eminent.
881 1463 922 1512 22.

118 1527 256 1594 Capillum
270 1534 385 1592 pectunt
397 1530 523 1594 saepius,
541 1543 623 1594 quarn
637 1529 762 1578 tondent.
799 1527 924 1578 Mentunr

117 1608 229 1660 semper
247 1595 390 1644 intonsum
408 1600 463 1654 est3
479 1594 615 1661 reliquam
636 1595 693 1644 on's
708 1598 799 1643 cutem
814 1592 849 1643 ad
863 1609 925 1659 spe-

117 1662 190 1712 ciem
200 1660 340 1710 lectitatis
356 1667 520 1727 exaequant.
555 1660 596 1710 23.
615 1661 722 1726 Regum
738 1665 831 1710 tamen
845 1659 924 1724 luxu7

115 1729 172 1790 ria,
201 1742 283 1794 quam
309 1727 364 1794 ipsi
391 1727 624 1794 magnificentiam
656 1725 809 1791 appellant,
841 1741 925 1791 supra

117 1794 241 1846 omnium
251 1797 375 1874 gentium
386 1790 482 1860 [vitia]
495 1799 547 1843 est.
585 1793 674 1854 Quum
687 1807 738 1842 rex
751 1807 781 1842 sc
796 1791 826 1841 in
836 1793 924 1858 publi-

116 1875 151 1912 co
166 1863 290 1928 conspici
306 1864 424 1928 patitur,
446 1859 589 1910 thuribula
602 1865 737 1939 argentea
748 1856 869 1909 ministri
884 1859 930 1926 iem

115 1934 189 1991 runt,
200 1934 345 1996 totumque
356 1930 483 1994 iter‚.per
492 1927 567 1994 quod
576 1926 646 1978 ferra
655 1925 817 1988 destinavit,
832 1925 924 1978 odori-

114 1995 168 2046 bus
179 1996 329 2060 eomplent
365 1997 407 2046 24.
417 1998 509 2047 Aurea
518 1995 627 2055 lectica,
638 1993 798 2062 margaritis
810 1995 924 2044 circum-

115 2062 310 2130 pendentibus,
325 2063 450 2114 recubat:
470 2063 602 2114 distincta
612 2068 677 2113 sunt
686 2076 754 2113 auro
766 2065 795 2111 et
804 2075 925 2126 purpura

115 2131 243 2192 carbasa,
252 2145 323 2198 quae
332 2131 445 2182 indutus
454 2137 510 2182 est:
521 2130 650 2181 lecticam
661 2135 814 2197 sequuntur
825 2129 924 2178 armati

116 2199 299 2266 corporisque
320 2197 464 2250 custodes:
504 2199 546 2248 25.
567 2198 641 2248 inter
662 2213 733 2263 quoe
751 2195 837 2246 ramis
857 2209 923 2248 aves

116 2267 250 2332 pendent,
271 2281 339 2335 quas
357 2271 440 2316 cantu
454 2265 535 2315 seriis
550 2266 633 2315 rebus
648 2266 810 2328 obstrepere
822 2262 922 2314 docue-

115 2340 188 2386 runt
224 2335 266 2386 ib.
285 2333 375 2401 Regia
385 2337 496 2383 auratas
507 2331 650 2382 columnas
668 2329 763 2382 habet:
783 2336 858 2380 totas
873 2345 921 2383 eas

114 2401 185 2452 ntis
194 2416 262 2453 auro
274 2403 383 2454 caelata
392 2401 541 2466 percurrit,
561 2399 721 2464 aviumque,
737 2412 851 2465 quarum
860 2399 922 2450 visa

90 2527 92 2532 ,
114 2469 234 2520 maxime
253 2468 390 2536 gaudent,
419 2472 569 2534 argenteae
594 2465 700 2532 effigies
720 2479 805 2530 opera
825 2465 921 2516 distin-

115 2540 214 2602 guunt.
249 2539 291 2588 21.
309 2536 399 2604 Regia
410 2534 577 2586 adeuntibus
591 2537 677 2600 patet,
691 2548 773 2602 qutun
790 2531 920 2598 capillum

114 2605 296 2671 pectitatque
307 2610 395 2656 ornat.
416 2605 494 2654 Tunc
503 2615 639 2667 responsa
649 2599 846 2668 legationibus,
855 2604 921 2650 tunc

113 2671 178 2724 iura
186 2673 366 2739 popularibus
377 2671 478 2722 reddit.
514 2670 623 2726 Demtis
634 2668 729 2729 soleis,
745 2663 878 2718 odoribus
889 2666 921 2716 il-

113 2741 239 2792 linuntur
249 2740 342 2804 pedes.
379 2739 420 2790 28.
440 2737 564 2790 Venatus
575 2738 710 2787 maximus
720 2735 801 2785 labor
812 2738 867 2795 est,
880 2734 921 2782 in-
