2054 3030
28 221 49 306 h*
142 229 176 277 84
325 221 461 273 IOANN.
480 218 757 273 FRlilNSHEMlI

141 343 178 394 pa
187 325 281 375 valere
290 324 376 385 iussa,
386 321 481 374 Asiam
496 321 757 389 complecteretur.“
801 315 842 368 ab.
863 319 951 370 aliud

143 391 259 444 subinde
270 389 431 441 miraculum
443 396 578 440 attentum
587 387 795 454 habuitregem,
809 387 890 436 cuius
902 402 951 436 ou-

141 460 248 510 riosum
262 459 417 525 ingenium,
438 463 467 507 et
480 456 670 524 cognoscendi
683 455 805 514 avidum,
820 456 951 504 novitate

142 541 235 578 rerum
243 527 312 576 mire
323 524 501 575 afficiebatur.
525 525 651 574 Amatum
662 537 678 572 a
688 518 818 586 delphine
829 533 952 586 puerum

144 608 179 643 ex
192 593 279 654 lasso,
300 592 374 659 quod
391 589 465 640 haud
479 590 578 656 procul
590 589 688 645 Mileto
702 591 731 638 in
750 587 843 638 insula
862 587 953 637 situm

143 659 273 726 oppidum
292 665 343 720 eat,
358 664 521 724 acceperat,
543 658 657 724 eiusque
677 670 775 707 vocem
795 655 951 721 agnovisse

141 729 255 793 piscem,
273 733 302 780 et
311 725 422 795 quoties
434 731 610 788 evocaretur,
623 722 688 774 vehi
697 722 855 788 cupientem
866 735 951 773 exce-

160 796 216 845 isse
236 793 330 846 dorso.
365 793 454 860 Igitur
468 799 577 860 gratum
596 797 794 858 acceptumque
813 786 951 854 Neptuno

141 811 280 913 hominem
296 861 493 926 interpretatus
511 876 576 923 rex,
593 857 753 909 sacerdotio
772 857 833 907 eiua
849 856 897 906 dei
916 857 951 907 il-

140 930 198 982 lum
210 926 354 996 praefecit.

190 995 263 1048 Vlll.
283 995 425 1059 Occupato
434 992 505 1044 hunc
515 994 544 1042 in
554 992 666 1044 modum
675 992 785 1054 Mileto,
805 1006 889 1058 quum
898 991 950 1042 ad-

141 1063 195 1115 huc
203 1060 385 1114 barbarorum
395 1075 544 1110 numerosa
554 1061 653 1111 classis
668 1060 697 1110 in
706 1059 776 1109 mari
786 1064 949 1125 vagaretur,

143 1139 171 1182 et
182 1127 284 1178 fiducia
294 1126 478 1177 multitudinis
490 1142 566 1189 suae,
577 1128 706 1193 quodque
717 1126 818 1192 peritia
827 1126 870 1176 rei
879 1141 950 1176 nau-

141 1199 215 1247 ticae
233 1193 404 1244 Macedonas
419 1195 550 1256 anteiret,
570 1192 679 1245 hostem
694 1195 728 1245 ad
748 1193 846 1244 navale
864 1207 965 1260 prce·

141 1264 210 1313 lium
220 1267 394 1326 provocaret,
407 1261 497 1328 obque
508 1263 597 1326 ipsum
608 1262 684 1312 urbis
696 1267 815 1327 portum,
824 1261 853 1310 in
864 1274 949 1327 quem

141 1342 227 1379 naves
237 1343 301 1378 suas
317 1328 470 1380 abduxerat
479 1343 541 1389 rex,
558 1328 722 1396 frequenter
736 1329 950 1390 obversaretur3

142 1398 167 1446 2.
187 1394 345 1446 Alexander
355 1394 495 1446 Philotam
509 1411 570 1446 cum
585 1399 710 1462 equitatu
725 1403 754 1446 et
765 1394 856 1446 tribus
870 1395 951 1461 pedi·

142 1470 201 1514 tum
212 1461 374 1514 cohortibus
385 1463 420 1513 ad
430 1463 561 1530 Mycalen
572 1470 694 1514 montem
708 1464 806 1524 mittit,
820 1462 870 1513 ubi
881 1461 951 1514 Per·

143 1532 263 1580 sicarum
277 1530 388 1581 navium
401 1531 485 1581 statio
500 1537 568 1594 erat,
588 1538 618 1582 ut
633 1532 804 1582 exscendere
819 1530 951 1582 volentes

143 1596 333 1660 submoveret,
348 1611 438 1665 neque
454 1599 550 1665 aquari
565 1598 715 1665 lignariae,
735 1602 783 1648 aut
796 1602 951 1649 ceterane-

144 1664 294 1716 sessaniae
309 1671 385 1716 terra
398 1672 493 1732 petere
508 1667 690 1734 permitteret.
726 1666 750 1716 3.
770 1665 811 1715 Ea
825 1679 870 1715 res
886 1665 952 1715 bar·
1011 1697 1012 1707 η

142 1734 228 1784 barus
240 1732 269 1782 in
279 1732 411 1784 maximas
428 1735 570 1802 angustias
585 1733 718 1784 coniecit:
734 1732 859 1783 obsessis
874 1733 951 1784 simi·
1010 1739 1011 1742 ’

141 1800 184 1852 les
203 1799 357 1852 haerebant
373 1801 402 1851 in
416 1808 507 1867 portu,
527 1816 617 1869 neque
631 1807 735 1851 terram
752 1799 799 1851 ubi
813 1798 951 1850 volebant

143 1883 253 1934 capere,
263 1875 311 1918 aut
320 1870 487 1920 necessariis
497 1870 580 1919 rebus
593 1869 669 1918 refici
681 1871 818 1933 poterant.
848 1867 950 1933 ltaque

143 1935 262 1985 oonsilio
274 1933 383 1996 habito,
404 1935 514 1986 Samum
529 1941 688 1986 averterunt
702 1949 824 1996 causum,
844 1936 950 2000 petito·
1005 1951 1006 1988 i

142 2017 195 2069 que
214 2001 279 2052 inde
299 2008 467 2063 commeatu,
487 2003 615 2052 Miletum
632 2003 740 2053 revecti
759 2007 822 2051 ante
843 2002 951 2052 ostium
1004 2043 1005 2054 ,

143 2075 240 2135 portus
265 2069 402 2118 instructa
425 2069 485 2118 acie
509 2070 701 2120 constiterunt.
737 2071 763 2119 4.
782 2069 859 2119 inter
878 2066 951 2119 haec

144 2138 264 2203 quinque
275 2134 422 2187 Persarum
433 2150 517 2187 naves
529 2135 557 2186 in
567 2144 650 2202 portu
660 2138 795 2202 quodam,
816 2136 864 2202 qui
873 2137 951 2186 inter

141 2214 254 2268 parvam
272 2202 350 2254 illam
364 2202 498 2265 insulam,¹
512 2203 546 2253 da
562 2219 617 2271 qua
631 2203 714 2270 supr'a
728 2203 832 2254 dictum
847 2209 899 2260 eat,
920 2209 952 2253 et

143 2272 293 2320 stationem
311 2269 511 2321 Macedonicae
531 2269 630 2322 classis
646 2271 754 2322 medius
771 2277 840 2331 erat,
859 2269 952 2321 multa

144 2333 266 2386 hostium
276 2337 388 2406 navigia
398 2338 566 2404 conspicati,
584 2339 674 2404 plenis
687 2338 757 2389 velis
775 2353 808 2388 eo
819 2337 952 2388 fereban-

144 2406 203 2451 turz
222 2417 284 2452 nam
302 2404 449 2455 maximam
467 2405 607 2456 sociorum
625 2405 765 2456 navalium
784 2409 893 2472 partem
914 2405 952 2455 ob

143 2467 237 2519 varim
256 2485 322 2522 usus
342 2471 441 2522 abesae
462 2472 652 2534 coniecerant,
674 2486 879 2539 vacuarumqua
902 2487 952 2522 na-

145 2535 218 2586 vium
233 2533 306 2587 haud
320 2537 460 2589 dillicilem
474 2540 685 2604 occupationem
698 2539 760 2591 iore
776 2538 953 2600 arbitraban-

145 2612 198 2653 tur.
233 2601 258 2653 b.
276 2604 311 2653 ht
323 2619 374 2656 rex
386 2607 435 2668 iis,
455 2606 503 2673 qui
517 2607 644 2669 aderant,
662 2607 792 2659 celeriter
807 2607 835 2657 in
850 2605 952 2658 decem

144 2670 272 2721 triremes
287 2671 438 2736 impositis,
459 2672 569 2723 obviam
582 2675 623 2725 ira
641 2672 768 2726 hostibus
781 2673 867 2724 iubet.
904 2672 967 2724 llli'

144 2744 202 2787 tum
224 2751 339 2789 numero
359 2737 481 2803 navium,
505 2745 563 2791 tum
585 2741 728 2808 inopinata
746 2755 776 2792 re
795 2742 952 2807 parter-titi,

127 2926 206 2953 a...
228 2939 233 2945 .
