2054 3030
73 127 141 232 ¹mr
309 175 479 250 aoru'rr
510 178 676 229 courir

91 279 198 331 funere.
235 278 369 330 Oneravit
377 277 450 329 hunc
459 278 586 330 dolorem
600 280 712 330 nuntius
732 278 831 330 mortis
841 277 893 328 An-

92 343 245 407 dromachi,
266 360 347 412 quem
356 345 532 411 praefecerat
542 345 655 414 Syriae:
675 348 766 397 vivum
778 345 893 407 Samari·

90 420 137 465 tac
150 419 348 464 cremaverant.
387 416 426 464 10.
445 413 489 464 Ad
500 415 579 466 cuius
589 415 732 466 interitum
754 415 892 466 vindican-

92 481 164 542 dum,
173 487 276 546 quanta
284 481 404 534 maxima
415 480 560 532 celeritate
570 483 670 548 potuit,
680 482 837 534 contendite
849 481 893 532 ad»

90 548 268 616 venientique
279 554 344 600 sunt
351 549 449 601 traditi
458 549 529 600 tanti
543 549 658 600 sceleris
678 556 818 601 auctores.
855 550 894 598 ll.

92 615 285 668 Andromacho
306 615 406 667 deinde
424 615 575 668 Memnona
593 616 739 669 substituit
749 633 761 679 3,
785 615 893 667 affectis

93 683 240 749 supplicio,
262 685 307 751 qui
321 691 481 751 praetorem
492 684 700 736 interemerant.
736 682 895 752 Tyrannm,

91 753 164 801 inter
184 766 233 803 eos
252 750 512 820 Methymnaeorum
531 752 719 804 Aristonicum
735 750 894 819 etchryso-

90 820 174 883 laum,
196 819 377 887 popularibus
389 821 447 870 suis
457 820 585 871 tradidit:
606 835 675 887 quos
685 819 730 870 illi
751 817 781 888 [e
792 816 894 885 muris]

91 887 126 937 ob
137 889 253 938 iniurias
263 893 355 938 tortos
365 895 543 938 necaverunt.
572 889 613 938 12.
628 886 838 938 Atheniensium
849 886 894 936 dc·

90 954 399 1021 inde‚Rhodiorumque
411 961 439 1005 ct
450 949 581 1006 Chiorum
591 951 702 1022 legatos
713 955 799 1006 audit.
812 952 893 1006 Athe-

90 1023 203 1073 nienses
214 1022 359 1072 victoriam
371 1022 594 1088 gratulabantur;
606 1028 643 1084 et,
654 1029 685 1073 ut
695 1023 797 1088 captivi
809 1023 893 1072 Grue-

91 1105 186 1141 corum
197 1090 254 1140 suis
264 1089 488 1149 restituerentur,
495 1089 624 1140 orabant:
638 1088 742 1141 Rhodii
753 1089 850 1140 etChii
861 1090 893 1140 dc

88 1157 230 1225 praesidio
243 1155 438 1222 querebantur.
471 1157 573 1207 Omnes
585 1172 674 1224 aequa
684 1157 846 1210 desiderare
857 1158 895 1207 ri-

89 1225 124 1288 si,
135 1225 362 1290 impetraverunt.
398 1223 439 1274 13.
458 1223 638 1290 Mitylenaeis
648 1240 760 1294 quoque
771 1227 832 1277 obe
855 1240 896 1275 re·

87 1293 164 1409 pium
173 1291 203 1340 in
213 1295 307 1356 partes
318 1305 383 1340 suas
395 1290 479 1341 iidem
490 1298 518 1342 et
531 1292 686 1357 pecuniam,
707 1309 787 1360 quam
798 1241 895 1344 inlel-

100 1374 146 1409 um
155 1357 356 1424 impenderant,
378 1358 491 1409 obsides
501 1359 634 1421 reddidit,
647 1366 676 1410 et
684 1376 812 1427 magnam
821 1361 895 1428 regi·

89 1439 171 1476 onem
183 1425 283 1475 iinibus
295 1439 391 1475 eorum
402 1425 514 1478 adiecit.
544 1427 585 1478 14.
606 1427 773 1493 Cypriorum
784 1443 895 1496 quoque

87 1492 211 1560 regibus,
223 1491 269 1560 qui
279 1498 309 1544 et
318 1492 426 1544 aDario
439 1493 602 1545 deiecerant
612 1495 646 1544 ad
658 1495 758 1561 ipsum,
770 1503 799 1546 et
809 1511 894 1564 oppu·

86 1563 185 1678 quanti
195 1561 300 1627 Tyrum
310 1562 445 1613 miserant
461 1562 588 1625 classem,
608 1577 659 1628 pro
680 1564 781 1614 merito
802 1561 894 1614 honos

107 1627 199 1680 abitus
210 1635 263 1680 est.
299 1628 339 1680 15.
358 1627 542 1696 Amphoterus
554 1629 664 1690 deinde,
677 1629 775 1682 classis
785 1631 895 1698 pracfe-

88 1705 159 1760 ctus,
170 1696 204 1746 ad
215 1695 386 1748 liberandam
398 1699 508 1749 cretam
521 1698 632 1760 missus,
646 1699 775 1765 (namque
787 1705 816 1750 et
827 1699 894 1751 Per·

87 1780 180 1815 sarum
192 1771 221 1816 ct
238 1763 437 1831 Spartanorum
457 1769 540 1817 armis
557 1766 690 1832 pleraque
708 1769 768 1817 eius
783 1767 894 1818 insulae

88 1832 309 1897 obsidebantur,)
327 1841 391 1884 ante
404 1835 496 1888 omnia
505 1849 581 1885 marc
593 1849 610 1883 a
618 1832 744 1900 piraticis
756 1834 894 1886 classibus

86 1900 228 1952 vindicare
239 1903 344 1952 iussum
356 1905 457 1969 quippe
469 1901 619 1952 obnoxium
627 1902 815 1968 praedonibus
824 1909 896 1966 erat,

87 1969 115 2019 in
125 1969 229 2020 bellum
239 1976 358 2032 utroque
370 1983 437 2036 rege
449 1983 593 2019 converso.
631 1967 670 2020 16.
689 1969 743 2020 His
755 1972 895 2038 composi·

86 2035 131 2098 tis,
153 2035 271 2087 Herculi
278 2035 366 2101 Tyrio
378 2049 415 2086 ex
425 2050 492 2085 auro
504 2042 640 2088 crateram
649 2052 711 2088 oum
721 2037 757 2088 tri
779 2038 837 2088 inta
847 2054 895 2105 pa-

85 2106 155 2154 teris
177 2103 292 2155 dicavit:
312 2103 514 2170 imminensque
533 2103 631 2166 Dario,
651 2105 707 2156 iter
722 2105 757 2156 ad
792 2103 892 2173 uphra-

85 2181 141 2221 tem
152 2169 326 2236 pronuntiari
336 2169 427 2220 iussit.
507 2165 509 2177 '

118 2239 166 2288 IX.
185 2239 220 2287 At
231 2235 347 2297 Darius,
369 2252 452 2303 quum
467 2235 529 2306 [ab]
543 2241 582 2290 Ae.
603 2247 672 2308 ypto
687 2241 842 2292 devertisse
862 2244 892 2294 in

84 2301 326 2355 Africam'hostcm
342 2306 535 2372 comperisset,
556 2308 592 2358 du
612 2307 739 2370 itavcrat,
760 2315 890 2361 utrumne

21 2437 23 2440 Ι
85 2373 160 2422 circa
170 2370 402 2436 Mesopotamiam
416 2374 590 2438 subsisteret,
612 2391 646 2426 an
662 2376 891 2444 interioraregni

85 2439 128 2490 sui
139 2444 256 2506 peteret,
268 2437 340 2490 haud
352 2440 435 2506 dubie
446 2444 590 2510 potentior
599 2449 698 2494 auctor
704 2458 839 2511 praesens
848 2445 891 2496 iu-

83 2515 162 2557 turus
182 2505 287 2558 ultimis
307 2508 437 2576 gentibus
456 2511 574 2579 impigre
588 2509 691 2562 beilum
713 2513 893 2578 capessendi,

83 2590 151 2643 quas
163 2589 248 2643 aegre
259 2591 309 2642 per
318 2575 478 2644 praefectos
490 2595 556 2630 suos
573 2578 749 2630 moliebatur.
785 2581 810 2630 2.
832 2579 891 2632 Sed

82 2643 397 2697 utidoneisauctoribus
405 2645 620 2714 famavulgavit,
628 2647 813 2700 Alexandrum
825 2664 889 2700 cum

82 2712 209 2764 omnibus
221 2715 319 2782 copiis,
332 2730 523 2785 quamcunque
538 2715 599 2782 ipse
612 2715 718 2770 adisset
729 2718 891 2786 regionem,
