2036 3030
234 149 547 204 SUPPIAEMENTA.
567 151 645 202 LlB.
664 151 698 202 11.
718 150 802 202 CAP.
821 151 845 202 3.
906 147 938 200 tt
1003 225 1005 234 .

134 256 209 307 sium
225 253 382 304 contendit:
397 267 451 320 quc
466 251 539 304 haud
553 254 702 306 difficulter
716 254 895 314 transmisso,
911 254 939 306 in

135 321 280 374 Paeticam
291 319 428 371 Thraciae
438 321 582 388 regionem
593 319 730 387 pervenit:
746 320 811 371 inde
827 334 940 386 supera·

134 397 165 439 to
180 402 271 448 enine,
287 403 368 454 quem
383 388 523 440 Melonem
537 388 691 454 appellant,
708 388 844 455 vigesimo
863 396 938 453 post·

130 472 217 523 quam
228 471 245 505 a
254 455 337 507 domo
347 455 492 522 profectus
502 455 595 506 suerat
606 455 665 516 die,
677 455 778 506 Seston
790 456 899 522 attigit,
910 456 939 504 in
1004 521 1005 524 Ἴ

131 524 268 575 extremis
288 524 457 574 continentis
475 521 776 588 linibusllellesponto
796 524 940 574 imminen-

134 599 204 652 tem,
221 606 275 657 qua
285 591 412 658 angustis
423 589 555 642 fluetibus
571 590 739 640 insinuatum
756 605 831 640 mare
846 591 939 642 Asiam

129 658 169 709 ab
189 659 302 724 Europa
322 659 436 710 dirimit.
476 657 518 709 18.
538 657 647 722 Quippe
666 656 834 706 Macedonia
852 656 940 708 'l'hra-

132 727 207 777 ciam
226 727 403 777 coniunctam
419 723 516 788 habet3
536 739 607 791 quae
623 738 791 789 procurrens
805 724 833 772 in
849 733 939 775 ortum

134 794 244 845 duobus
259 792 398 857 capitibus
411 793 504 842 Asiam
519 797 660 858 tangeret,
678 791 733 840 nisi
749 791 940 842 intercedente

134 860 238 929 pelago
258 861 484 912 submoveretur:
509 857 608 909 dextra
626 857 829 924 Hellespontus
850 865 941 920 arcet;

134 928 255 980 ulterius
269 925 447 994 Bosphorus,
462 941 542 993 quem
560 924 708 977 Thracium
720 924 874 992 appellant,
887 925 942 992 By·

130 996 260 1048 zantium
271 1009 288 1044 a
301 992 479 1046 Chalcedone
494 999 613 1060 separat.
650 993 689 1043 1⁹.
709 994 785 1044 lnter
798 990 847 1042 has
859 1007 943 1059 angu-

132 1064 209 1114 stias
223 1063 379 1127 intercepta
393 1060 549 1130 Propontis.
559 1061 614 1112 iam
628 1062 738 1112 laxiore
758 1061 850 1126 spatio
866 1061 945 1110 iuxta

135 1127 299 1195 Bithyniam
318 1135 347 1179 et
362 1129 492 1180 Ponticas
507 1130 638 1197 regiones
659 1128 833 1180 diffunditur.
869 1127 945 1178 lnsra

134 1195 299 1262 Bithyniam
310 1197 404 1264 Mysia
415 1203 466 1259 est,
478 1197 580 1248 deinde
591 1196 724 1265 Phrygia,
735 1195 943 1263 Phrygiamque
1004 1201 1005 1208 ’

130 1265 304 1331 contingens
315 1263 416 1331 Lydia,
428 1265 540 1332 longius
552 1281 568 1314 a
578 1266 647 1315 mari
658 1270 793 1318 remotae.
822 1265 943 1315 interius

133 1331 278 1401 spatiosas
288 1333 420 1399 regiones
431 1333 590 1384 celebratae
600 1333 783 1384 fecunditatis
791 1338 820 1382 et
830 1332 944 1400 opulen-

130 1403 194 1452 tiae
213 1406 312 1466 gentes
333 1399 468 1452 habitant.
512 1403 554 1452 20.
583 1400 691 1464 Litora,
712 1415 783 1467 qnae
804 1399 943 1450 Thraciae

134 1469 329 1534 Graeciaeque
358 1468 478 1519 obversa
505 1475 581 1530 sunt,
607 1469 813 1535 Hellespontii;
842 1467 943 1518 deinde

129 1537 228 1588 'Troes
239 1536 349 1598 colunt,
361 1535 566 1588 calamitatibus
580 1536 688 1587 incluti.
724 1535 802 1586 infra
812 1533 863 1586 hos
873 1536 944 1586 Aeo·

132 1604 173 1655 lis
184 1609 213 1652 et
222 1602 302 1654 lonia
312 1615 362 1669 per
375 1602 461 1670 longa
470 1604 583 1655 litorum
597 1605 687 1671 spatia
698 1602 807 1670 Lydiae
818 1609 945 1671 praeten-

135 1671 248 1722 duntur.
285 1671 368 1722 Caria
382 1669 483 1728 deinde
500 1687 561 1722 eum
580 1686 689 1723 annexa
705 1670 825 1732 Doride,
844 1683 946 1736 magna

135 1753 173 1790 ex
189 1743 268 1804 parte
282 1738 352 1786 mari
367 1737 549 1799 circumfusa,
568 1753 623 1788 non
638 1739 730 1790 nrinus
748 1738 838 1804 amplo
853 1743 945 1786 tractu

133 1809 290 1858 introrsum
310 1805 427 1856 recedit.
463 1806 505 1854 21.
525 1804 579 1855 His
597 1806 682 1854 terris
698 1805 891 1854 nobilissimae
905 1805 946 1853 in-

131 1873 217 1926 sulae
228 1873 368 1923 adiacent:
386 1871 496 1924 Lesbus
509 1871 637 1934 Aeolica,
653 1869 739 1923 Chius
751 1878 779 1921 et
791 1870 893 1922 *Samus
903 1871 946 1922 lo·

134 1944 211 2003 niae,
223 1947 252 1990 et
261 1939 367 1990 Dorica
376 1939 501 2002 Rhodus,
511 1939 639 2007 aliaeque
649 1939 763 2001 multae,
773 1953 887 2006 quartus
898 1952 946 1988 no-

135 2009 214 2060 mina
224 2007 396 2060 Graecorum
407 2008 594 2060 monumentis
604 2007 803 2060 inclaruerunt.
823 2007 864 2056 22.
877 2004 947 2056 Nam

137 2077 261 2144 antiquis
276 2076 448 2141 temporibus
464 2091 573 2127 omnem
588 2074 658 2128 hanc
673 2071 946 2145 oram-Graecialre-

138 2143 289 2210 quentibus
304 2144 423 2198 coloniis
438 2143 593 2196 insederat:
613 2159 683 2210 quae
698 2149 755 2193 tum
770 2156 881 2209 quoque
891 2156 946 2193 ma-

137 2211 255 2274 nebant3
275 2211 326 2262 sed
345 2210 493 2262 Persarum
513 2213 576 2278 regi
596 2207 775 2277 satrapisque
792 2208 944 2270 subiectae,

135 2279 259 2350 priscam
270 2278 362 2346 gentis
373 2279 532 2330 libertatem
546 2279 694 2330 barbarica
707 2277 842 2328 servitute
859 2284 946 2328 muta·

136 2352 245 2398 verant.
281 2346 323 2397 23.
341 2345 511 2410 Alexander,
527 2347 575 2397 ubi
591 2345 693 2398 Seston
708 2345 849 2411 pervenit,
861 2345 946 2397 maxi·

137 2429 211 2466 mem
227 2414 369 2480 copiarum
384 2422 504 2482 partem,
520 2414 706 2466 Parmenione
721 2413 804 2478 duce,
818 2413 947 2481 Abydum

136 2483 169 2532 in
182 2481 302 2536 adverso
320 2482 405 2534 litore
423 2483 505 2534 sitam
521 2487 619 2549 petere
635 2480 729 2543 iuhat,
750 2481 892 2548 attributis
911 2477 947 2528 ad

138 2547 193 2600 hoe
208 2559 319 2602 centum
337 2550 485 2617 sexaginta
494 2549 668 2610 triremibus,
683 2549 832 2617 multisque
848 2559 947 2598 onera-

136 2617 201 2667 riis:
219 2617 281 2683 ipse
298 2633 360 2668 cum
376 2617 493 2684 reliquis
503 2617 649 2667 Eleuntem
664 2617 866 2683 proficiscitur,
879 2612 947 2662 Pro·

137 2684 241 2736 tesileo
257 2699 378 2748 sacrum,
393 2687 472 2736 cuius
486 2685 526 2736 ibi
538 2683 694 2751 sepulcrum
706 2689 825 2802 aggesto
839 2678 947 2732 tumulo

175 2751 337 2804 erarius.

932 2901 1005 3004 Ι
