2054 3030
230 237 690 290 SUPPLEMENTA.L1B.11.
711 198 794 293 cap.
814 241 855 290 12.
902 238 949 288 tol

138 337 451 405 ¹habuitdspendiorum
461 340 572 408 legatos
589 356 623 394 ex
636 342 806 410 principibus
817 341 948 392 civitatis.
1017 365 1018 368 ¹

142 407 165 456 li
176 413 312 474 petentes,
324 421 358 458 ne
368 408 539 474 praesidium
550 408 676 474 recipere
686 416 862 477 cogerentur,
870 409 948 477 quin·

143 475 277 542 quaginta
285 474 393 526 talenta
401 475 429 526 in
440 476 609 542 stipendium
620 476 750 540 militum,
770 484 798 529 et
813 482 947 543 quantum

142 556 276 608 equorum
295 543 393 604 tributi
407 545 519 595 nomine
538 544 600 611 regi
619 543 766 596 Persarum
785 544 860 594 alere
882 557 947 594 con·

142 617 299 672 suaserant,
309 611 507 678 promiserunt.
542 613 568 661 2.
579 610 646 661 lnde
657 624 708 661 rex
720 611 755 660 ad
767 609 886 672 Sidetas,
901 611 949 678 qui

141 676 280 728 Melanem
291 692 399 728 amnem
409 678 548 740 accolunt,
558 692 726 744 progressus
738 682 794 740 est3
815 677 948 728 Cumaeo-

139 759 201 796 rum
215 759 249 797 ex
263 744 379 796 Aeolide
394 759 492 811 genus,
511 745 562 794 sed
581 759 709 796 sermone
729 743 863 807 barbar03
885 761 948 802 narn

98 843 104 866 s
141 811 266 863 Graecus
287 812 459 873 exoleverat,
479 825 536 863 non
553 811 735 863 diuturnitate
754 811 898 877 temporis,
918 819 949 862 ut

140 879 256 942 accidit3
272 892 369 930 verum
384 878 505 929 maiores
519 893 601 941 suos,
616 887 648 930 ut
660 879 690 930 in
700 894 749 930 eas
759 880 892 946 regiones
903 894 948 930 ve·
1017 905 1018 910 =

137 955 249 1008 nerunt,
259 952 376 1012 repente
388 945 492 996 oblitos
502 947 609 1014 patriae
619 946 742 1015 linguae,
751 961 853 998 novam
864 952 893 997 et
901 961 947 996 an-

137 1020 188 1064 tea
197 1012 351 1064 inauditam
365 1015 494 1065 sonuisse
508 1014 706 1066 memorabant.
744 1015 768 1066 3.
789 1013 856 1066 Side
872 1028 948 1064 rece-

137 1087 198 1147 pta,
216 1094 288 1146 quae
298 1077 478 1148 Pamphyliae
488 1082 653 1148 metropolis
664 1089 737 1146 erat,
758 1081 946 1150 Sylliumiba-

139 1155 196 1208 tur,
217 1153 307 1198 tutum
320 1153 419 1200 natura
433 1149 503 1200 situs
514 1150 657 1218 oppidum,
676 1157 705 1202 ct
720 1157 777 1202 tam
796 1150 946 1218 peregrino

138 1214 240 1277 milite,
261 1230 341 1282 quam
360 1215 540 1268 barbarorum
560 1218 745 1271 accolentium
765 1219 845 1270 firma
864 1233 948 1268 uranu

139 1283 257 1350 egregie
267 1284 410 1335 munitum.
445 1284 487 1336 Ea
499 1301 555 1348 res,
573 1292 602 1338 et
612 1287 677 1353 quia
689 1287 846 1354 Aspendios
856 1286 948 1337 rebel-

137 1349 201 1402 lare
210 1350 400 1412 nuntiabatur,
417 1354 519 1409 avertit
533 1355 599 1404 iter:
619 1354 831 1422 Aspendumque
847 1354 947 1404 ductus

139 1420 341 1470 estexercitus.
377 1419 402 1470 4.
425 1420 587 1482 llli,subita
596 1423 782 1482 Macedonum
791 1422 947 1488 irruptione

138 1485 240 1548 territi,
259 1486 376 1538 desertis
386 1503 458 1554 quae
467 1489 497 1538 in
506 1489 589 1555 plano
602 1495 682 1540 erant
691 1489 841 1552 aedificiis,
861 1489 890 1540 in
904 1503 946 1539 ar-

139 1569 200 1606 cem
211 1567 387 1606 concessere.
413 1556 578 1619 Alexander,
590 1572 678 1608 vacua
689 1557 757 1608 urbe
766 1558 883 1622 potitus,
895 1555 946 1608 sub

139 1621 146 1636 '
169 1635 274 1673 saarce
286 1628 379 1673 castra
389 1623 552 1675 communit:
570 1630 599 1675 et
616 1639 698 1691 quum
707 1625 895 1690 peritissimos
906 1637 948 1672 ar-

135 1635 280 1762 &tectos
295 1687 422 1751 liaberet,
438 1697 572 1756 apparatu
586 1692 802 1757 oppugnationis
813 1692 947 1741 obsessos

140 1755 177 1808 ad
190 1771 288 1822 paoem
301 1755 441 1876 prioribus
459 1757 667 1808 conditionibus
681 1757 861 1822 repetendam
875 1771 948 1806 eom-

161 1823 221 1876 ulia
257 1823 283 1874 5.
328 1821 381 1874 ihil
393 1822 429 1873 ad
442 1823 549 1874 maiora
561 1825 724 1890 properanti
738 1824 861 1888 optatius
877 1825 948 1876 acci·

139 1841 365 1958 gerapotuissat,
390 1905 453 1942 uam
464 1896 495 1942 ut
506 1891 563 1942 loci
573 1889 645 1942 haud
658 1890 854 1942 contemnendi
863 1891 910 1941 lon
932 1907 949 1941 a

142 1958 292 2010 obsidione
301 1973 358 2010 non
368 1907 552 2024 detineretum
572 1975 607 2010 ne
624 1907 948 2026 tameninpunitadefe-

141 2031 252 2078 ctornm
266 2027 408 2079 temeritas
422 2034 511 2090 esset,
531 2028 694 2096 potissimos
712 2027 814 2078 civium
835 2026 948 2078 obsides

138 2095 421 2162 tradi‚pecunieeque
431 2096 583 2162 imparatae
595 2112 646 2148 neo
657 2096 803 2147 exsolutae
815 2109 948 2146 summam

139 2162 279 2229 duplicari
290 2163 444 2230 praecepitr
464 2164 602 2215 adiectum
612 2170 665 2226 est,
678 2170 709 2214 nt
718 2169 856 2227 satrapae,
868 2177 948 2230 quem

137 2229 300 2283 ,alexander
309 2229 503 2298 praefecisset,
519 2231 675 2293 obedirent,
687 2244 778 2281 annua
788 2229 949 2282 Macedoni·

137 2299 194 2349 bus
203 2297 310 2349 tributa
320 2298 506 2360 solverentet
516 2299 551 2349 da
561 2314 639 2366 agro,
652 2299 725 2350 unde
736 2296 842 2349 ricinos
853 2300 881 2349 vi
893 2301 948 2350 eie-

137 2365 216 2416 cisse
236 2365 436 2434 arguebantur,
460 2366 565 2418 iudicio
587 2365 797 2417 contenderent.
842 2367 866 2418 (l.
895 2369 948 2418 llis

137 2432 186 2482 ita
200 2435 289 2500 gestis
302 2447 447 2484 remensus
460 2433 527 2496 iter,
549 2432 623 2500 quod
634 2433 669 2483 ad
680 2433 862 2501 Pergensium
873 2436 949 2502 oppi-

138 2499 208 2550 dum
221 2499 345 2564 ferebat,
359 2502 425 2552 inde
439 2502 563 2568 perrexit
576 2501 604 2551 in
623 2499 783 2568 Phrygiam.
826 2501 881 2553 Sed
901 2516 950 2566 per

136 2572 198 2620 ista
216 2567 282 2619 loca
295 2567 407 2620 ducenti
428 2569 600 2634 superandae
617 2575 696 2619 erant
711 2570 865 2637 angustiae,
882 2583 950 2632 quas

135 2638 221 2687 iuxta
231 2635 412 2697 'l'alrnissuin‚
425 2636 522 2687 urbem
537 2633 704 2698 Pisidarum,
725 2637 779 2688 duo
794 2639 907 2704 montes
917 2649 951 2684 cx

135 2702 262 2756 adverso
273 2711 473 2755 concurrentes
484 2704 619 2766 efficiunt,
638 2705 679 2754 ita
691 2705 797 2756 strictis
812 2699 950 2759 faucibus,

136 2778 174 2822 ut
183 2777 328 2836 portarurn
340 2770 552 2822 similitudinem
568 2769 704 2823 referant:
725 2782 829 2837 easque
839 2765 951 2818 barbari
