2036 3030
175 194 495 246 SUPPLEMEN'I'A.
516 195 591 248 LlB.
611 195 631 246 Ι.
652 194 736 248 che.
755 197 779 247 8.
844 195 877 246 2⁹

59 296 135 346 tiam
146 303 251 356 verton
260 306 308 347 aut
319 313 397 364 qaum
404 313 490 364 porro
499 295 618 348 insanire
628 297 746 359 vacabit,
763 311 822 348 curn
833 298 876 350 de-

60 365 167 414 decore
179 362 260 432 sorte
274 364 423 431 damnoque
441 371 624 431 altorumque,
644 365 691 416 red
703 372 791 416 tamen
806 365 877 417 citra

60 430 202 492 exitium,'
216 440 389 483 resumeretur.
435 432 477 483 33.
501 431 593 499 Neque
614 432 686 483 dolor
705 431 826 500 Phihppi
843 435 875 484 ti-

61 497 208 549 mueritits
228 500 305 551 modo
314 498 454 567 promissit
467 498 522 551 eius
536 515 614 550 curer
627 499 763 563 occludite,
782 515 876 552 manus

62 564 208 617 continete
217 582 235 617 a
244 565 403 619 muneribus.
433 565 464 618 Si
473 566 542 619 atttt
549 574 612 618 ante
619 566 768 619 libertatem
778 566 876 620 halae·

64 633 143 695 ritis,
156 632 286 686 calliditas
296 641 323 686 et
331 633 605 706 largitioaerfrartra
615 642 701 686 erant.
724 634 877 688 Potentiam

64 709 100 751 at
110 701 262 753 discordiae
273 701 438 754 Graecorum
448 703 612 765 extulerant,
625 701 666 752 ita
681 717 822 754 conseatur
833 705 877 755 ol-

67 775 143 820 ruet.
169 768 210 820 34.
226 767 297 833 Quia
307 769 407 849 etipse,
417 769 672 831 oterttemerara'ar,
684 767 770 838 excipi
797 778 878 822 otest:

68 837 149 903 qaod
156 834 182 886 ri
190 836 308 899 accidat,
327 836 397 888 nihil
409 853 426 888 a
440 836 584 889 tetartaeo
586 836 709 904 periculi.
773 853 816 889 am
825 837 879 905 ipse

66 903 192 971 gloriam
202 911 282 972 atque
293 904 518 966 dominationem
528 903 575 972 qai
582 904 629 956 rab
640 921 670 957 eo
680 912 751 968 rant,
767 903 880 972 quietem

69 979 211 1038 expetant.
247 971 288 1022 35.
310 969 371 1022 Niri
372 970 452 1039 forte
461 972 641 1024 Alexandrum
657 972 797 1025 veremini.-
816 989 880 1039 quo-

71 1038 149 1090 niam
159 1038 206 1090 isti
216 1039 320 1118 quidem
328 1037 369 1090 ita
378 1055 423 1090 aar
436 1049 651 1102 contemtionem
659 1039 879 1108 idoneotpatent‚

72 1105 173 1173 quibas
184 1114 265 1157 ettam
270 1106 351 1174 pueri
358 1123 453 1159 nomen
455 1108 635 1177 formidinem
644 1108 729 1175 poerit
738 1108 868 1159 incutere.

129 1172 202 1224 Vlll.
223 1174 369 1236 Crederes,
388 1176 460 1227 alios
480 1181 595 1244 repente
610 1175 702 1228 factos
718 1175 880 1228 Thebanos:

73 1241 124 1308 qui
142 1241 226 1292 modo
243 1243 338 1308 regios
353 1243 464 1312 legatos
478 1251 597 1308 attente,
618 1251 702 1310 atque
722 1247 805 1295 etiarn
820 1259 880 1294 cum

75 1323 196 1361 assensu
205 1311 380 1372 audiverant,
398 1313 469 1363 adeo
480 1313 508 1363 in
519 1315 688 1363 contrarium
699 1313 797 1364 mutati
809 1317 881 1372 sunt,

73 1383 107 1427 ut
119 1376 276 1444 Philippum
287 1376 395 1429 hostem
407 1380 604 1442 iudicarentni
616 1380 814 1448 quamprimum
825 1380 883 1430 suis

77 1445 276 1512 sociorumque
289 1446 388 1498 linibus
399 1447 562 1499 decederet:
572 1447 773 1499 Macedonicae
783 1447 882 1498 lectio·

76 1513 122 1562 nis
138 1509 263 1564 homines
277 1513 345 1564 urbe
362 1515 511 1582 pellerent,
531 1522 560 1566 et
568 1513 776 1566 Atheniensium
788 1515 884 1582 copias

76 1593 114 1630 eo
125 1581 290 1646 reciperent.
326 1583 351 1630 2,
371 1583 406 1632 At
416 1581 570 1650 Philippus,
583 1582 884 1650 inopinataThebano·
940 1599 942 1604 ·

77 1661 139 1698 rum
158 1646 317 1697 delectione
330 1649 457 1700 turbatus
470 1667 514 1700 ma
537 1651 572 1712 's,
587 1666 668 1718 quam
676 1652 804 1712 territus,
818 1651 884 1700 insi·
965 1705 968 1712 ,

78 1720 155 1766 stere
167 1713 314 1764 destinatis
325 1729 378 1764 non
390 1716 492 1767 omisit
549 1718 639 1768 uobus
650 1717 758 1770 levibus
769 1717 885 1784 proeliis

79 1781 247 1843 commissis,
256 1781 526 1847 quumrlthenienses
538 1799 685 1835 successus
695 1800 751 1833 non
760 1786 885 1848 poenite·

80 1856 137 1913 ret,
156 1849 267 1900 tandem
285 1849 396 1916 utrique
415 1849 449 1900 ad
461 1848 651 1901 Chaeroneam
660 1849 798 1902 Boeotiae
809 1851 886 1916 oppi-

82 1918 145 1969 dum
155 1918 224 1968 totis
234 1917 340 1968 viribus
351 1917 515 1969 consedere.
544 1916 707 1978 terrenos
717 1917 886 1968 decorame-

80 1987 184 2047 iorum,
214 1991 241 2037 et
259 2000 326 2036 cura
348 1985 489 2037 libertatis
505 1986 713 2038 accendebant:
740 1984 885 2054 Philippus

83 2053 205 2120 egregiis
216 2054 319 2120 copiis,
332 2060 431 2121 totque
441 2054 579 2106 bellorum
589 2055 756 2118 victoribus,
771 2054 883 2104 fidebat.

83 2123 113 2173 ln
127 2135 157 2172 se
169 2135 279 2188 quoque
291 2119 347 2172 'non
362 2138 459 2190 parturn
473 2123 606 2174 momenti
622 2122 795 2184 collocabat,
811 2121 886 2188 quod

83 2189 269 2254 imperatoriis
289 2190 395 2241 artibus
414 2191 475 2257 ipse
495 2191 693 2258 praecelleret3
714 2190 884 2240 Graecorum

84 2256 296 2309 celebratissimi
312 2258 396 2309 duces
410 2254 465 2309 iarn
489 2259 677 2311 decesserant.
712 2258 738 2309 4.
758 2254 885 2326 Theoge-

85 2339 132 2377 nes
142 2322 284 2376 Thebanis
294 2334 438 2443 praeerat,
458 2326 569 2378 modico
580 2327 698 2378 militiae
714 2341 776 2389 usu,
795 2341 885 2394 neque

87 2395 152 2445 satis
166 2393 261 2444 firmus
276 2409 292 2443 e
313 2408 408 2445 versus
423 2395 580 2462 pecuniam:
598 2391 807 2445 Atheniensium
818 2409 885 2462 quo·

85 2475 136 2526 que
149 2461 347 2526 imperatorum
361 2462 491 2513 virtutem
510 2469 594 2542 atque
610 2461 737 2527 peritiam
750 2463 811 2529 ipse
830 2462 887 2512 ani·

86 2541 128 2577 mo
147 2541 253 2594 usuque
267 2543 359 2580 rerum
380 2529 465 2597 longe
481 2529 614 2580 anteibat.
651 2527 676 2580 5.
696 2527 751 2584 Sed
769 2530 886 2581 duorum

86 2594 235 2660 potentium
246 2597 411 2664 populorum
422 2597 450 2647 in
460 2613 543 2648 unum
556 2595 707 2648 conversae·
718 2600 801 2660 vires,
819 2609 886 2662 quo-

87 2677 142 2714 rum
153 2662 490 2716 auctoritatemcorinthii
503 2679 613 2731 quoque
621 2665 726 2783 amhae
734 2663 887 2730 sequeban-

88 2737 137 2795 tur,
157 2731 311 2782 iniecerant
331 2746 433 2794 euram,
454 2732 566 2782 minima
578 2733 659 2784 unius
694 2733 732 2784 iei
746 2738 835 2798 parte,
853 2729 886 2778 de
