2048 3034
139 188 189 243 abl
361 187 530 250 QUINTI
559 187 724 240 CURTll

139 292 221 360 gulos
245 289 309 340 deni
329 291 459 357 armigeri
478 285 677 356 sequebantor.'
710 290 754 339 liis
770 289 793 339 li
813 287 848 339 ad
869 289 950 342 alios

139 359 302 411 coniuratos
313 357 587 424 comprehendendos
599 356 740 406 distributi
756 362 832 406 suut:
851 357 949 408 Attac-

137 441 193 487 ras,
211 440 271 474 cnm
283 427 416 476 trecentis
426 425 461 474 ad
471 423 611 474 Philotam
622 425 733 485 missus,
749 424 875 475 clausum
887 425 950 476 adi·

137 499 196 544 tum
207 495 305 544 domus
316 491 490 554 moliebatur,
502 491 702 558 quinquaginta
711 491 840 542 iuvenum
852 505 950 558 prom-

137 561 254 612 tissimis
271 560 397 624 stipatus.
433 557 502 608 Nam
515 565 626 609 ceteros
637 559 750 624 cingere
760 557 885 624 undique
897 557 951 608 tlo-

138 641 212 680 tuum
219 629 351 688 iusserat,
362 640 397 676 ne
409 625 519 676 occulto
531 623 739 676 adituPhilotas
749 634 849 690 posset
859 625 948 676 elabi.

138 698 180 746 21.
199 693 288 755 illum,
307 697 367 744 sive
377 694 527 744 securitate
537 693 630 752 animi,
651 693 709 742 sive
720 691 890 758 fatigatione
903 709 948 744 re·

138 760 269 822 solutum,
282 775 394 812 somnus
406 768 596 827 oppresseret3
609 761 820 825 quemAttaruas
831 765 947 828 torpen-
1012 809 1013 824 q

136 837 192 882 tem
203 829 294 880 adbuc
305 835 430 894 occupat.
466 829 506 880 22.
527 827 651 878 l'andem
662 827 687 876 ei
702 825 803 893 sopdre
815 827 946 878 discusso

139 912 220 965 quum
231 897 555 956 iniicerenturcatenae;
581 891 659 957 Vicit,
679 895 778 960 inquit,
796 893 945 946 bonitatem

139 973 221 1026 mom,
233 979 292 1024 rex,
303 961 473 1014 inimicorum
481 961 622 1014 acerbitas.
658 959 717 1012 Nec
727 960 808 1028 plura
818 963 944 1013 locutum

140 1033 231 1097 eapite
246 1031 337 1080 velato
352 1030 380 1078 in
396 1033 501 1098 regiam
516 1030 665 1080 adducunt.
702 1027 742 1079 23.
763 1029 888 1082 Postero
900 1029 944 1080 die

138 1111 190 1150 rex
208 1097 306 1159 edixit,
328 1112 422 1147 omnes
443 1099 540 1147 armati
556 1099 673 1148 coirent.
709 1096 765 1148 Sex
778 1096 871 1149 millia
885 1096 946 1148 fere

138 1165 258 1216 militum
269 1169 414 1213 venerant:
425 1171 570 1229 praeterea
581 1163 662 1214 turba
673 1164 791 1216 lixarum
803 1165 945 1216 calonum·
1012 1185 1013 1228 ς

139 1245 193 1299 que
211 1229 395 1294 impleverant
413 1233 529 1298 regiam.
575 1231 616 1282 24.
647 1229 786 1281 Philotam
810 1232 945 1300 armigeri

140 1299 250 1364 agmine
261 1311 311 1347 suo
322 1299 467 1364 tegebant,
488 1313 522 1348 ne
539 1305 603 1348 ante
618 1299 742 1364 conspici
752 1307 852 1366 posset
863 1315 880 1350 a
890 1301 946 1350 vul-

140 1378 186 1432 go,
206 1375 286 1429 quam
304 1378 355 1415 rex
370 1365 508 1418 allocutus
519 1365 621 1416 milites
634 1372 718 1416 esset.
754 1367 796 1416 25,
817 1365 861 1416 De
872 1369 946 1432 eapi-

139 1429 242 1482 talibus
258 1432 341 1482 rebus
356 1437 464 1484 vetusto
481 1433 665 1484 Macedonum
681 1433 764 1485 modo
785 1433 946 1501 inquirebat

141 1501 293 1551 exercitusr
303 1501 332 1550 in
342 1513 410 1568 pace
422 1507 482 1550 erat
491 1501 581 1568 vulgi3
593 1509 622 1551 et
630 1500 701 1551 nihil
711 1509 839 1567 potestas
848 1516 944 1568 regum

139 1568 262 1630 valebat,
282 1569 335 1618 nisi
353 1568 432 1633 prius
447 1568 581 1619 ualuisset
594 1569 756 1619 auctoritas.
793 1569 835 1620 26.
857 1569 868 1617 l
893 1570 948 1619 'tur

140 1637 257 1702 primum
268 1635 629 1697 Dimnieadarerinfertur,
649 1635 799 1702 plerisque,
820 1636 869 1702 qui
900 1651 946 1702 pa·

139 1709 253 1766 nasset,
264 1717 353 1768 quove
365 1717 432 1754 casu
444 1703 596 1754 exstinctus
608 1709 692 1766 esset,
702 1703 818 1770 ignaris.
917 1761 919 1764 ¹

192 1770 239 1821 lx.
259 1771 319 1822 llex
338 1771 439 1823 deinde
458 1771 487 1821 in
511 1771 673 1822 concionem
693 1771 835 1836 procedit,
867 1769 945 1821 vultu
1012 1767 1013 1818 i

141 1837 303 1905 praeferens
315 1839 440 1889 dolorem
452 1839 544 1888 animi.
579 1839 736 1888 anticorum
747 1853 858 1904 quoque
869 1852 947 1888 moe·
1012 1863 1013 1878 r

142 1906 219 1956 stitia
238 1907 474 1972 exspectationem
495 1905 567 1954 baud
585 1919 696 1970 parvam
710 1905 752 1956 rei
766 1904 883 1956 fecerat
920 1908 946 1956 l.

141 1973 198 2023 Diu
208 1972 329 2023 demisso
339 1973 368 2022 in
379 1979 482 2022 terrum
494 1972 579 2032 vultu,
591 1968 710 2023 attonito
721 1973 901 2040 stupentique
911 1974 948 2023 si·

142 2040 216 2089 milis
227 2037 312 2089 stetit.
349 2039 473 2088 Tandem
485 2048 597 2104 recepto
609 2040 714 2101 animo,
729 2035 830 2101 Paene,
845 2039 948 2110 inquit,

142 2105 245 2166 tudites,
264 2118 413 2172 pancorum
423 2104 557 2154 bominum
573 2107 669 2157 scelere
678 2106 750 2157 vobis
761 2114 945 2172 neptunum.

142 2170 230 2223 Derim
245 2169 415 2238 previdentia
430 2179 457 2222 et
471 2170 654 2224 misericordia
664 2171 731 2224 eico.
770 2173 946 2242 Conspectus·

144 2253 193 2306 qne
203 2237 286 2290 nestri
294 2237 448 2288 venerabilia
458 2238 549 2318 cogit,
569 2247 599 2290 nt
612 2241 789 2292 vehementiae
797 2241 950 2308 parricidio
1012 2253 1013 2256 ’

141 2307 274 2356 inniterer
278 2320 291 2365 ,·
301 2303 426 2370 quoniam
435 2305 637 2373 rpimtne‚immo
647 2323 715 2360 nnnc
724 2307 795 2359 citae
804 2308 949 2379 rnenefru-

142 2380 200 2426 etur
210 2380 256 2433 eet,
279 2370 482 2446 totjbrte'mirne‘o
492 2373 565 2436 viris,
586 2384 613 2425 et
627 2376 658 2426 de
671 2392 712 2427 me
725 2373 823 2443 optime
833 2375 947 2438 meritis,

141 2439 247 2522 referre
256 2439 343 2492 adbuc
350 2441 470 2508 gratiam
477 2457 563 2508 poree.
591 2443 615 2492 3.
627 2443 778 2509 Interrupit
788 2445 947 2495 orationem
1012 2465 1013 2484 2

140 2508 258 2560 multtum
269 2509 398 2576 gemitus,
410 2508 580 2576 obortaeque
591 2517 655 2560 sunt
665 2512 792 2568 omnibus
803 2511 948 2562 lacrimae.

142 2577 212 2629 Tum
224 2589 283 2638 rex,
305 2573 422 2640 Quanto,
442 2577 540 2644 inquit,
560 2576 687 2628 maiorem
702 2577 731 2628 in
745 2577 842 2630 animia
852 2578 949 2630 neutris

141 2652 243 2696 motam
255 2643 385 2706 excitabo,
406 2659 486 2724 quum
497 2643 568 2694 tanti
576 2644 679 2696 sceleris
691 2653 814 2697 auctores
825 2647 947 2697 ostende·
1012 2705 1013 2714 ἵ

141 2711 190 2762 rol
207 2727 319 2779 quornm
329 2719 488 2763 mentionem
499 2710 586 2761 adbuc
595 2711 741 2778 reformido
747 2730 760 2775 ‚·
780 2721 807 2763 et
816 2721 949 2780 tanquam
1012 2739 1013 2760 r
