2098 3040
8 205 10 256 ἰ

8 263 10 344 l

285 223 433 275 LIBER
462 224 513 275 lx.
543 225 640 277 CAP.
671 231 711 278 lo.
845 226 895 282 881

88 325 283 378 eredrosiae
299 327 369 376 fines
383 325 552 392 perducitur.
589 311 718 378 Omnium
728 343 820 380 rerum
831 330 894 380 sola

89 389 189 444 'ortilis
203 395 283 460 regio
300 400 358 455 est,
378 395 407 444 in
421 408 476 460 qua
492 393 594 443 stativa
608 391 715 454 babuit,
736 402 893 448 utvcxatos

90 461 190 512 milites
211 459 304 526 quiete
323 461 454 512 firmaret.
492 459 608 510 111111
631 459 770 512 Leonnati
793 463 892 516 literas

85 527 199 593 accipit,
211 525 371 580 conflixisse
381 529 473 594 ipsum
485 544 547 578 cum
558 535 623 578 octo
634 527 757 578 millibus
768 530 891 595 peditum

83 600 114 646 et
124 595 284 662 quingentis
296 596 437 662 equitibus
446 595 622 658 Horitarum,
634 609 770 660 prospero
781 604 890 649 eventu.

82 663 106 712 A
120 663 237 713 Cratero
259 677 369 730 quoque
385 663 498 714 nuntius
513 664 598 724 venit,
620 662 737 714 Ozinem
758 668 787 714 et
799 663 891 716 Zaria-

83 729 287 795 spem,nobilcs
299 729 410 791 Persas,
418 729 607 781 defectionem
617 730 766 781 molientes
777 745 890 796 oppres-

82 811 132 848 sos
144 811 161 847 a
171 795 211 858 1οζ
231 798 260 848 in
271 798 390 848 vinculis
402 812 474 848 esse.
511 799 553 848 2⁰.
573 798 740 863 Praeposito
751 799 839 864 igitur
848 812 891 848 re-

81 863 162 936 gioni
173 864 309 932 Sibyrtio,
330 866 460 931 (namque
472 865 578 915 Menon
592 864 751 930 praefectus
767 866 828 916 eius
843 881 891 915 nu·

79 945 132 997 per
144 933 294 983 interierat
306 931 418 992 morbo)
434 932 462 981 in
477 933 650 983 Carmaniam
663 934 724 1000 ipse
740 932 889 998 processit.

78 1000 122 1050 21.
140 999 274 1064 Aspastes
286 1005 482 1065 eratsatrapes
494 1001 598 1066 gentis,
617 1006 763 1066 suspectus
779 1015 824 1053 res
842 1013 890 1050 no·

78 1079 148 1115 vare
159 1065 292 1126 voluisse,
312 1065 376 1116 dum
385 1067 415 1117 in
423 1066 502 1118 India
512 1081 562 1119 rex
573 1074 657 1118 esset.
694 1067 783 1128 Quem
794 1081 889 1118 occur-

79 1137 198 1195 rentem,
218 1131 396 1184 dissimulata
405 1135 456 1197 ira,
477 1136 595 1186 comiter
608 1133 755 1198 allocutus,
768 1135 831 1186 dum
843 1149 889 1185 en-

79 1199 207 1265 ploraret
217 1215 288 1268 quae
300 1200 394 1256 delata
404 1209 496 1264 erant,
513 1204 542 1252 in
553 1203 654 1254 eodem
664 1200 772 1254 honore
783 1201 888 1253 habuit.

41 1280 43 1288 ¹
79 1269 122 1318 22.
144 1268 234 1329 Quum
256 1268 350 1320 indiae
368 1268 519 1337 praefecti,
540 1271 613 1322 sicut
630 1270 796 1337 imperatum
818 1275 888 1333 erat,

79 1349 216 1401 equorum
231 1337 473 1404 iumentorumque
488 1338 623 1406 iugalium
634 1339 689 1390 vim
700 1340 842 1407 ingentem
854 1351 889 1388 ex

8 1407 9 1476 J
80 1403 163 1465 omni,
176 1419 246 1469 quae
258 1404 308 1456 sub
318 1405 437 1472 imperio
451 1411 519 1470 erat,
532 1407 648 1474 regione
661 1407 816 1469 misissent,
828 1408 887 1474 qui-

78 1469 130 1520 bus
141 1470 258 1522 deerant
267 1473 612 1538 impedimentarestituit.
631 1474 672 1524 23.
684 1476 766 1524 Arma
776 1488 887 1540 quoque

79 1536 115 1587 ad
125 1538 273 1603 pristinum
282 1538 391 1589 relecta
401 1545 466 1589 sunt
480 1540 597 1589 cultum:
618 1543 720 1604 quippe
737 1539 811 1590 haud
824 1555 887 1606 pro-

78 1605 127 1654 cul
137 1619 153 1653 a
164 1603 281 1654 Perside
293 1605 418 1667 aberant,
439 1620 495 1656 nou
509 1613 610 1670 pacata
624 1606 719 1668 modo,
739 1605 789 1656 sed
804 1607 887 1655 etiam

78 1671 222 1737 opulenta.
258 1671 300 1720 24.
311 1671 409 1738 Igitur,
420 1677 544 1737 utsupra
555 1673 659 1724 dictum
670 1680 722 1734 est,
733 1672 888 1722 aemulatus

79 1738 173 1790 Patris
184 1736 282 1789 Liberi
291 1753 347 1789 non
358 1739 477 1806 gloriam
486 1738 590 1801 solum,
611 1753 693 1804 quam
708 1739 810 1790 exiliis
820 1753 888 1804 gen·

78 1804 154 1857 tibus
175 1805 388 1871 deportaverat,
409 1807 459 1857 sed
480 1806 563 1856 etiam
583 1804 696 1866 ianuam,
725 1806 796 1870 (siva
816 1804 888 1856 illud

78 1871 234 1940 triumphus
256 1871 362 1924 111111
383 1887 417 1934 eo
437 1873 555 1939 primum
575 1873 730 1934 institutus,
751 1873 810 1924 sive
822 1873 887 1923 bac·

78 1939 222 1991 chantium
235 1941 326 2005 lusus)
340 1942 439 1992 statuit
452 1941 566 2003 imitari,
587 1940 680 1990 animo
696 1955 779 2007 super
792 1938 887 1990 huma·

78 2022 143 2058 num
153 2005 298 2074 fastigium
309 2009 394 2060 elato.
430 2009 472 2059 25.
491 2009 591 2070 Vioos,
610 2022 661 2074 per
671 2023 741 2074 quos
752 2009 807 2058 iter
818 2013 886 2069 erat,

78 2074 194 2126 floribus
214 2077 327 2127 coronis
347 2091 382 2126 ue
403 2076 491 2127 sterni
509 2075 599 2128 iubet:
619 2075 761 2126 liminibus
775 2074 885 2125 aedium

78 2147 202 2194 crateras
212 2141 277 2193 rino
288 2093 423 2209 repietas,
445 2149 473 2194 et
488 2143 544 2194 alia
554 2143 672 2196 eximiae
684 2142 883 2210 magnitudinis

77 2224 145 2261 vasa
159 2210 281 2278 disponi:
303 2209 433 2262 vehicula
447 2210 547 2262 deinde
564 2216 717 2273 constrata,
739 2217 770 2261 ut
789 2210 883 2276 plures

8 2309 9 2348 p
78 2291 179 2343 capere
198 2278 302 2329 milites
322 2283 447 2344 possent,
466 2279 496 2329 in
514 2278 757 2330 tabernaculorum
771 2277 883 2328 modum

79 2346 182 2408 ornari,
202 2346 257 2398 alia
267 2345 394 2397 candidis
405 2345 486 2408 velis,
505 2345 562 2397 alia
576 2342 654 2397 veste
669 2346 804 2412 pretiosa.
840 2345 881 2396 26.

77 2410 165 2461 Primi
183 2412 262 2464 ibant
281 2414 364 2465 amici
379 2419 408 2466 et
421 2411 523 2464 coho'rs
537 2413 629 2482 regia,
649 2413 733 2465 variis
752 2413 882 2464 redimita

78 2477 194 2530 floribus
208 2482 389 2548 coronisque;
409 2481 476 2532 alibi
486 2481 632 2533 tibicinum
644 2489 750 2544 cantus,
762 2482 830 2533 alibi
841 2480 882 2546 ly-

78 2560 127 2597 rae
141 2561 227 2598 sonus
243 2548 420 2601 audiebatur:
441 2549 508 2600 item
522 2551 550 2599 in
565 2547 710 2612 vehiculis,
731 2563 782 2616 pro
801 2548 884 2612 eopia

79 2614 212 2681 cuiusque
224 2615 376 2680 adornatis,
388 2616 626 2669 comessabundus
637 2619 786 2678 exercitus,
798 2615 882 2665 armis

77 2695 150 2748 quae
181 2685 300 2734 maxime
333 2685 436 2737 decora
471 2691 552 2738 erant
584 2681 881 2752 circumpendentibus.

77 2749 177 2816 ipsum.
190 2751 376 2820 convivasque
397 2769 493 2806 currus
513 2751 632 2806 vehebat
662 2753 778 2803 crateris
790 2752 882 2802 aureis
