2054 3030
120 257 171 314 134
270 260 303 323 Q.
325 257 441 310 cUR'r.
460 258 545 310 [ΑΒ.
564 258 611 312 111.
630 258 715 309 CAP.
735 257 776 308 13.

123 367 148 418 si
164 381 219 432 qua
231 379 261 414 re
278 365 395 414 avaritia
408 370 576 414 moveretur.
615 363 723 430 Quippe
738 369 781 414 tut
796 378 937 417 annorum

121 432 281 484 incredibili
294 438 322 482 et
333 433 415 482 tidem
427 431 580 482 excedente
588 429 701 482 fortuna
716 429 857 482 cumulata
865 438 936 483 tunc

122 501 179 551 alia
198 501 330 567 stirpibus
351 499 519 560 dilacerata,
538 500 594 549 alia
616 499 646 547 in
666 513 783 548 coenum
804 499 936 550 demersa

123 568 301 619 eruebantur:
329 582 386 617 non
411 567 586 617 sufficiebant
614 565 807 632 praedantium
832 581 934 617 manus

120 635 250 702 praedae.
289 636 328 684 12.
347 634 458 701 lamque
470 634 554 682 etiam
564 634 600 685 ad
611 647 674 694 eos,
694 633 741 699 qui
755 635 838 699 primi
852 632 935 700 iuge·

119 705 191 765 rant,
203 710 314 753 ventum
324 708 398 752 erat:
417 701 537 752 feminae
547 701 697 766 pleraeque
708 715 809 766 parvos
819 699 934 752 trahen-

120 778 164 823 tes
183 771 288 822 liberos
313 770 400 820 ibant.
434 769 511 819 Inter
530 782 598 835 quas
618 774 676 818 tres
694 766 774 818 fuere
795 768 933 835 virgines,

122 837 201 902 Ochi,
222 841 269 906 qui
284 845 348 888 ante
363 837 479 887 Darium
496 841 670 903 regnaverat,
686 834 775 898 tiliae,
792 837 861 885 olim
872 838 932 902 qui-

120 907 182 958 dem
196 921 232 958 ex
245 905 360 972 fastigio
375 912 491 969 paterno
508 919 601 954 rerum
611 902 765 954 mutatione
778 902 931 964 detractae,

119 975 169 1026 sed
180 981 239 1026 tum
249 981 354 1024 sortem
364 987 458 1022 earum
470 972 610 1022 crudelius
626 976 796 1038 aggravante
806 969 931 1022 fortuna.

120 1043 161 1094 13.
181 1043 210 1091 ln
222 1040 321 1092 eodem
337 1053 423 1104 grege
439 1053 511 1089 uxor
526 1053 635 1105 quoque
651 1038 775 1088 eiusdem
786 1035 857 1089 Ochi
867 1037 933 1100 fuit,

122 1107 310 1172 Oxathrisque
326 1105 427 1169 (frater
442 1105 487 1156 hie
501 1113 561 1156 erat
570 1105 663 1166 Darii)
676 1106 746 1167 filia,
769 1112 798 1156 et
808 1107 933 1157 coniunx

119 1176 265 1236 Artabazi,
276 1173 409 1238 principis
420 1180 647 1238 purpuratorum,
669 1181 697 1223 et
708 1173 791 1235 iilius,
808 1175 854 1223 cui
866 1173 931 1223 llio·

119 1259 174 1294 neo
190 1241 245 1291 init
262 1255 371 1290 nomen.
410 1241 450 1291 14.
468 1239 644 1290 Pharnabazi
658 1255 778 1308 quoque,
796 1241 842 1291 cui
858 1257 931 1292 sum·

120 1325 194 1361 mum
214 1309 358 1374 imperium
377 1309 533 1359 maritimae
554 1322 622 1359 orae
641 1323 692 1358 rex
712 1307 839 1370 dederat,
859 1323 932 1359 uxor

120 1392 182 1426 eum
199 1375 256 1425 tilio
273 1381 391 1440 excepta
406 1382 462 1426 est:
482 1375 620 1426 Mentoris
634 1374 710 1426 tiliae
721 1383 790 1426 tres:
809 1391 841 1426 ac
852 1376 933 1426 nobi-

119 1444 221 1494 lissimi
237 1443 316 1493 ducis
336 1443 494 1495 Memnonis
515 1445 636 1494 coniunx
656 1444 784 1494 attilius.
820 1442 932 1510 Vixque

119 1510 178 1562 ulla
192 1510 289 1562 donnus
304 1512 448 1577 purpurati
463 1510 517 1562 fuit
531 1517 626 1562 tantae
642 1511 730 1562 cladis
742 1525 851 1578 expers.
890 1513 931 1561 15.

119 1577 338 1630 Lacedaemonii
350 1593 461 1646 quoque
473 1586 502 1630 et
511 1577 704 1641 Athenienses,
717 1579 865 1630 societatis
877 1579 932 1629 tide
1007 1569 1008 1620 l

119 1647 234 1710 violata,
246 1647 348 1698 Persas
360 1648 449 1698 secuti
458 1665 465 1711 3
473 1648 660 1714 Aristogiton,
668 1646 808 1712 Dropides
821 1653 849 1698 et
860 1645 933 1713 lphi-

120 1723 223 1778 crates,
237 1717 312 1766 inter
322 1714 506 1767 Athenienses
517 1729 620 1782 genere
637 1714 766 1780 famaque
779 1715 866 1782 longe
877 1715 933 1765 cla·

118 1785 237 1844 tissima
256 1785 473 1836 Lacedaemonii
485 1784 640 1850 Pausippus
652 1790 680 1833 et
690 1783 934 1845 Onomastorides,
1007 1787 1008 1798 ³

120 1867 181 1902 cum
192 1853 317 1903 Monimo
327 1861 355 1904 et
365 1852 556 1914 Callicratide,
571 1851 592 1900 ii
602 1865 714 1917 quoque
725 1849 932 1902 dominabiles.

120 1920 161 1970 16.
182 1919 294 1970 Summa
312 1922 446 1986 pecuniae
467 1921 594 1986 signatae
614 1917 667 1969 luit
686 1919 857 1969 talentorum
877 1919 933 1969 duo

119 1987 210 2038 millia
223 1995 251 2036 et
266 1988 423 2054 sexaginta3
443 1985 512 2038 facti
527 1987 636 2053 argenti
653 1986 762 2052 pondus
777 1985 933 2054 quingenta

120 2055 267 2121 aequabat.
303 2056 455 2105 Praeterea
470 2053 587 2120 triginta
597 2053 686 2104 millia
696 2050 847 2116 hominum,
870 2069 934 2104 cum

120 2130 229 2188 septem
248 2123 370 2173 millibus
388 2123 585 2183 iumentorum,
605 2120 690 2171 dorso
715 2136 801 2172 onera
819 2129 934 2188 portan-

119 2191 199 2249 tium,
221 2198 302 2256 capta
316 2195 388 2240 sunt.
425 2191 465 2239 17.
487 2190 616 2240 Ceterum
632 2188 680 2238 Dii
694 2193 788 2240 tantae
799 2189 934 2240 fortunae

119 2257 294 2322 proditorem
315 2257 445 2308 celeriter
464 2256 559 2308 debita
579 2261 671 2324 poena
693 2257 836 2324 persecuti
856 2263 933 2308 sunt.

119 2322 342 2389 Namqueunuse
355 2325 476 2375 consciis
487 2325 557 2388 eius,
565 2326 649 2376 credo
661 2325 737 2391 regis
746 2327 835 2375 vicem
847 2325 935 2376 etiarn

120 2391 150 2440 in
164 2390 215 2440 illa
230 2398 305 2442 sorte
316 2393 462 2456 reveritus,
472 2393 614 2443 interfecti
628 2393 782 2458 proditoris
798 2398 883 2459 caput
897 2392 936 2443 ad

120 2455 238 2509 Darium
250 2460 328 2522 tulit,
344 2467 528 2526 opportunum
539 2459 669 2512 solatium
680 2459 806 2527 prodito:
828 2460 935 2528 quippe

124 2534 153 2578 et
163 2524 237 2576 altus
248 2527 387 2578 inimicum
400 2533 472 2590 erat,
486 2532 515 2576 et
524 2528 644 2577 nondum
658 2529 686 2577 in
699 2527 820 2578 omnium
832 2526 937 2577 animis

122 2594 284 2646 memoriam
294 2596 449 2647 maiestatis
461 2609 528 2646 suae
540 2594 698 2646 exolevisse
709 2596 850 2645 cernebat
