2048 3034
82 246 132 298 rio
222 221 225 228 ’
298 221 721 306 ρυιΝΉουιιΤιι’
805 267 810 279 =

80 349 155 416 iguis
175 348 294 398 iniectus
315 354 415 400 cuncta
431 345 650 414 comprehendit.
686 349 837 405 Flammam
852 349 882 401 in

82 431 132 467 ora
142 413 262 466 bostium
273 422 371 466 ventus
381 415 502 476 ferebat3
517 415 609 466 fumus
620 417 719 484 ingens
730 416 806 468 velut
816 432 884 484 qua-

80 484 143 535 dam
153 483 225 533 nube
235 482 421 535 absconderat
430 483 548 534 coelum.
584 484 625 534 31.
637 483 885 546 Sonabantincen-

80 552 127 603 dio
140 551 238 614 silvae;
259 555 343 618 atque
362 565 397 600 ea
416 565 537 618 quoque,
556 565 628 618 quac
647 566 703 603 non
717 550 886 602 incenderat.

78 619 169 681 miles,
190 626 326 684 concepto
346 619 412 686 igne
432 617 559 684 proxima
577 633 703 686 quaeque
718 618 883 669 adurebant.

78 687 195 740 Barbari
205 686 403 754 suppliciorum
413 686 549 748 ultimum,
557 686 642 753 siqua
650 687 885 737 intermoreretur

77 755 170 874 {illl
183 752 884 888 irrueretur.⁸⁰l.tr..ltr.¹¹r.l⁶.⁶.⁰tr

78 892 162 942 sumti
173 859 244 942 'sunt
276 888 334 940 Alii
343 889 372 939 in
382 889 490 942 medios
499 889 590 955 ignes,
600 889 649 939 alii
659 889 687 940 iu
698 895 792 954 petras
802 902 883 953 prae·

79 959 230 1027 cipitarere
241 971 317 1020 seam
341 957 452 1023 quidam
461 956 589 1008 manibus
600 955 720 1008 bostium
731 969 762 1006 se
773 955 884 1006 obtule-

78 1032 155 1077 runt:
175 1025 256 1091 pauci
271 1024 456 1076 semiustulati
472 1038 574 1074 venere
588 1025 616 1074 in
627 1028 801 1090 potestatem.
839 1023 882 1074 33.

78 1093 152 1144 llinc
166 1093 201 1142 ad
217 1091 371 1152 Craterum,
391 1091 438 1158 qui
452 1092 606 1142 Artacacna
623 1089 778 1152 obsidebat,
798 1090 884 1142 redit.

78 1159 139 1220 Ille,
161 1158 480 1223 omnibuspraeparatis‚
500 1157 885 1226 regisexspectabatadven·
905 1205 908 1212 .

78 1235 144 1289 tum,
159 1231 256 1290 captae
266 1224 343 1275 urbis
354 1225 447 1286 titulo,
468 1225 541 1276 sicut
549 1240 600 1291 par
610 1232 679 1287 erat,
691 1225 804 1276 cedens.
839 1225 883 1277 bl.

77 1294 167 1361 Igitur
175 1291 332 1342 Alexander
341 1298 432 1361 turres
444 1291 585 1342 admoveri
595 1293 684 1344 iubet:
705 1293 824 1358 ipsoque
836 1293 885 1344 ad·

77 1365 175 1428 spectu
184 1358 295 1409 barbari
304 1359 429 1421 territi,e
439 1359 525 1410 muris
536 1359 648 1426 supinas
659 1375 755 1412 manus
767 1360 885 1412 tenden-

77 1436 130 1491 tes,
141 1441 223 1478 orare
233 1433 394 1492 coeperunt,
404 1427 474 1478 iram
485 1427 513 1477 in
526 1425 735 1480 Satibarzanem
746 1425 886 1479 deiectio-

77 1495 121 1546 nis
132 1501 274 1546 auctorem
284 1501 454 1560 reservaret3
472 1495 643 1562 supplicibus
658 1501 748 1546 semet
757 1495 885 1546 dedenti-

76 1563 129 1616 bus
139 1570 276 1630 parceret.
312 1563 380 1625 Rex,
393 1562 459 1614 data
469 1563 559 1625 venia,
570 1578 627 1614 non
638 1562 814 1614 obsidionem
824 1579 885 1616 mo·

78 1631 114 1684 do
134 1632 229 1695 solvit,
249 1631 301 1683 sed
322 1633 415 1683 omnic
430 1647 481 1683 sua
494 1629 597 1681 incolis
610 1630 743 1682 reddidit.
779 1629 821 1682 35.
842 1631 884 1682 Ab

76 1696 129 1750 hac
148 1701 216 1750 urbe
236 1700 364 1768 digresso
379 1699 599 1768 supplementum
613 1713 748 1749 novorum
762 1698 883 1750 militum

77 1770 207 1819 occurrit.
242 1769 337 1820 Zoilus
356 1767 382 1818 D
402 1769 511 1834 equites
529 1780 564 1817 ex
580 1764 700 1817 Graecia
712 1767 884 1818 adduxerat:

75 1834 114 1886 lll
133 1836 221 1888 millia
240 1851 276 1888 ex
293 1837 328 1899 ill
364 1837 408 1886 ico
428 1835 572 1900 Antipater
590 1834 714 1885 miserat.
750 1832 885 1886 Thessali

76 1904 186 1970 equites
204 1903 224 1952 c
239 1909 268 1954 et
280 1851 363 1953 dellr
376 1917 437 1953 cum
453 1900 582 1968 Philippo
598 1907 688 1952 erant:
709 1915 745 1952 ex
753 1901 847 1969 Lydia
856 1902 885 1952 ll

75 1969 173 2052 millia,
194 1976 223 2020 ct
235 1969 294 2031 DC,
315 1970 479 2050 peregrinus
493 1969 590 2030 miles,
608 1968 790 2020 advenerant:
813 1969 884 2022 CCC

76 2034 884 2169 truta?statuatur?”illitaibitur

74 2177 168 2237 trapes
179 2177 239 2222 erat
248 2170 432 2231 Barzatntes‚
452 2170 568 2222 sceleris
583 2171 611 2221 in
622 2185 717 2239 regem
730 2187 810 2223 suum
821 2187 885 2240 par-

74 2239 131 2289 tice
152 2255 164 2288 s
174 2238 273 2288 Besso.
301 2235 328 2286 Is
339 2236 549 2303 suppliciorum,
561 2254 632 2305 quae
643 2246 793 2301 meruerat,
804 2247 883 2292 metu

73 2254 362 2370 prolligitinlndiam.

124 2371 183 2422 Vll.
194 2369 252 2421 lam
263 2387 364 2422 nonum
376 2372 449 2424 diem
461 2373 563 2426 stativa
573 2378 661 2436 erant,
670 2377 753 2440 quum
763 2379 886 2426 externa

73 2439 101 2488 vi
109 2452 165 2490 uon
175 2443 252 2489 tutus
261 2440 345 2491 modo
356 2455 415 2502 rex,
428 2440 478 2492 sed
489 2441 618 2503 invictus,
628 2441 763 2493 intestino
774 2440 886 2498 iacinc-
958 2456 961 2460 ·

72 2505 270 2573 repetebatur.
306 2510 331 2558 2.
349 2507 476 2570 Dimum,
496 2508 624 2559 modicae
641 2509 714 2574 apud
725 2522 824 2576 regem
835 2525 885 2561 au-

73 2575 214 2625 ctoritatis
224 2579 253 2624 et
263 2576 380 2643 gratiae,
393 2575 508 2637 exoleti,
520 2576 566 2626 cui
575 2573 746 2626 Nicomacho
758 2582 822 2628 erat
832 2593 884 2629 no-

72 2651 145 2704 men,
166 2657 260 2693 amore
274 2641 312 2694 ila
347 2645 420 2706 ebat,
442 2643 579 2709 obsequio
594 2641 642 2693 uni
652 2642 706 2694 sibi
717 2643 807 2694 dediti
818 2659 883 2696 cor-

72 2709 149 2773 poris
160 2710 278 2761 vinctus.
331 2749 340 2761 .,
356 2709 398 2772 ls,
418 2711 493 2778 quod
504 2710 625 2762 exrultu
635 2725 745 2776 quoque
755 2713 885 2777 perspici

72 2779 192 2839 poterat,
204 2779 302 2829 similis
313 2778 443 2839 attonito,
455 2778 571 2827 remotis
581 2776 694 2828 arbitris
706 2793 767 2829 cum
777 2778 885 2830 iuvene
