2036 3030
71 182 73 186 ’
130 185 163 233 28
317 179 451 232 lOANN.
464 179 747 232 'FREINSHEMH

131 293 195 346 tam,
206 281 330 332 amittere
340 281 474 333 decretum
485 289 531 332 eet.
565 279 733 348 Quamquam
744 278 825 330 etiam
834 276 941 332 ririhue

129 365 183 402 non
194 347 354 418 diffidimus:
365 349 458 418 quibua
467 349 491 399 n·
499 357 600 400 oeetrae
610 347 727 408 sociatio,
734 344 873 398 coniuncti
881 350 938 398 uti-

129 434 179 484 que
188 415 337 483 superiores
348 417 445 468 erimus
455 415 538 478 hatti,
558 415 602 466 cui
613 415 799 496 einguliparea
810 429 938 481 ceeepoe·

125 499 224 535 cornute.
259 484 301 535 25.
320 482 383 535 Noa
392 484 550 553 ignoramus
559 491 712 550 petenham
722 481 777 534 eiua
787 480 938 533 Athenien·

127 566 175 613 ree,
190 551 336 631 puamolim
342 547 939 618 marcentemaugeccentemquepruevidimue‚-

128 627 162 682 et,
173 634 197 668 a
206 617 300 670 caterio
310 619 478 671 Graecorum
488 619 579 670 endem
588 635 660 670 mens
662 618 763 687 suimet
767 654 776 680 ‚
787 631 938 682 praecare-

129 702 227 746 ramac.
263 686 304 739 26.
324 685 382 738 Diu
392 686 462 738 enim
473 685 566 738 hellam
577 703 636 740 cum
647 702 676 738 ea
685 684 823 754 geeeimuc,
838 700 892 735 non
904 685 939 736 de

128 753 290 822 Amphipoli,
302 763 349 806 aut
359 753 504 816 Haloneeo,
519 762 550 806 ut
554 753 688 822 plericque
697 751 855 804 credebatur
859 768 872 813 ;
890 753 943 804 ced

126 837 177 889 pro
194 824 279 873 salute
299 831 325 873 et
344 822 467 874 libertate
489 821 633 873 Graeciae:
657 822 740 872 donec
758 817 882 878 destituti
901 821 941 870 ah

128 889 258 952 omnihue,
272 905 289 939 a
298 889 431 940 nonnullis
441 889 521 940 eham
532 889 692 958 oppugnati,
707 903 803 954 pacem
817 901 940 937 neceesa-

128 957 198 1009 rium
211 955 299 1023 mago
320 971 399 1022 quam
418 956 687 1026 hoaeetamfecimur.
717 956 764 1004 rt.
785 953 838 1004 Sed
855 970 938 1016 nanc,

129 1041 143 1074 o
168 1023 233 1086 'nor,
250 1038 360 1089 praeiet
373 1022 443 1074 arcio
456 1030 564 1074 noctrae
581 1021 713 1084 Minerua,
734 1031 761 1072 et
776 1021 871 1089 Apollo
881 1020 937 1088 Pp-

129 1101 141 1142 t
158 1091 216 1151 iae,
227 1089 350 1156 patrium
359 1089 434 1142 nolio
444 1105 547 1148 namen,
565 1090 698 1158 ceterique
709 1088 874 1140 Graecorum
886 1087 943 1140 Dii

129 1164 295 1224 operuerunt
303 1158 402 1220 oculor,
419 1165 446 1208 et
458 1157 486 1208 ia
496 1155 640 1208 ohedictam
649 1157 738 1208 aritae
747 1156 878 1207 libertati·
887 1173 937 1223 po-

126 1227 252 1295 pulorum
265 1227 380 1276 'cuorum
394 1224 496 1276 animat
512 1224 639 1276 excitant.
675 1225 716 1275 28.
738 1223 817 1276 Certe
829 1222 936 1275 Hereu-

128 1295 179 1344 lem
195 1308 249 1344 non
261 1292 318 1343 tine
336 1291 522 1360 indignatione
537 1293 617 1344 oerha
637 1294 788 1362 legatorum
804 1291 941 1342 audiuisse

129 1358 258 1422 arbitror,
271 1359 395 1428 Philippo
405 1359 514 1428 ctirpem
524 1359 557 1411 ab
568 1360 615 1411 illo
626 1359 685 1412 Deo
696 1359 879 1427 repetentium.
898 1359 935 1410 tt-

129 1429 152 1479 le
165 1427 234 1478 enim
246 1437 380 1496 agnoccat
388 1425 477 1491 Deae,
495 1427 612 1479 ornniam
621 1427 780 1495 religionum
790 1435 937 1478 contemto-

130 1511 186 1546 rem
192 1511 205 1556 ,·
223 1494 342 1546 Graecae
356 1493 529 1546 Macedonem
533 1512 545 1558 ;
566 1503 711 1563 iprummm
725 1510 795 1556 ocor,
813 1494 936 1561 punitor,

129 1561 295 1629 exstirpator
305 1561 471 1630 tyrannidis!
484 1563 525 1614 29.
538 1561 617 1614 Nullo
629 1562 699 1614 enim
709 1561 763 1614 ulio
776 1571 939 1630 argumento

130 1629 248 1682 clariora
260 1639 324 1682 eunt
332 1628 456 1682 Herculio
469 1647 559 1698 opera.
594 1630 632 1681 At
640 1631 683 1682 ille
695 1629 838 1682 Graeciam
852 1629 937 1682 donei-

129 1705 196 1750 natu
211 1697 329 1766 premit‚·
350 1697 505 1766 qaihacdom
517 1698 597 1751 etium
613 1698 765 1750 civitatibus
779 1692 939 1749 domenticoc

130 1774 259 1836 tyrannos
267 1765 401 1834 imposuit,
411 1766 576 1818 Phdietidem
584 1764 665 1829 Oreo,
671 1764 857 1833 Hipparchum
865 1764 938 1816 Ere·

130 1834 208 1895 triae,
220 1834 344 1888 Chalcidi
355 1832 575 1887 Tauroethenem.
611 1835 652 1884 30.
666 1832 745 1902 Ergo
755 1833 810 1884 iam
819 1833 936 1894 Euhoei,

130 1903 242 1965 Achaei,
262 1901 406 1966 Corinthii,
425 1900 607 1969 Megarenses,
626 1899 765 1964 Leucadii,
787 1899 938 1969 Corcyraei

129 1971 206 2022 nohie
217 1970 333 2040 faceat:
352 1967 401 2020 alii
410 1968 557 2037 fortunam
576 1975 705 2034 epectaat,
725 1985 792 2037 qaae
807 1967 937 2020 hactenus

5 2055 7 2062 ·
79 2093 85 2102 ,
131 2038 238 2090 unicum
248 2035 439 2089 Macedonicae
445 2034 583 2103 potentiae
594 2035 725 2089 uinculum
726 2035 797 2116 fait,
805 2045 864 2155 pcto
874 2033 936 2087 leoi-

132 2115 174 2158 ter
193 2106 317 2173 abrupto,
339 2106 409 2156 altro
430 2104 569 2156 dilabetur.
615 2106 656 2158 31.
677 2103 780 2174 Quippe
830 2102 939 2166 herculi,

132 2174 201 2225 unde
214 2173 338 2240 Philippo
359 2172 442 2223 rolrur
462 2172 655 2239 equitatuum,
675 2173 805 2226 nemiuem
819 2185 937 2238 unquam

132 2241 178 2291 diu
185 2239 303 2358 {onerer
322 2238 411 2307 lllprii
438 2239 570 2308 ceterique
583 2240 770 2310 Macedoniam
788 2241 937 2292 accolentes

134 2307 183 2359 hur
201 2307 256 2370 ari,
277 2323 391 2374 qaorum
406 2316 432 2359 et
444 2317 544 2360 namra
555 2308 642 2380 serox
654 2309 818 2370 eetanimue,
833 2305 935 2358 etindi-

131 2374 264 2442 gnatione
283 2374 397 2426 recentis
414 2375 517 2428 eeraitii
534 2375 667 2438 irritatur,
688 2375 713 2428 ci
726 2375 864 2442 principia
878 2370 940 2426 belli

133 2441 207 2494 Phili
220 2441 369 2509 patequiae
380 2443 522 2506 coemerint,
533 2443 774 2513 reliqaaproaohie
785 2442 937 2512 conficient.

132 2511 173 2562 32.
191 2458 244 2561 hu
254 2510 331 2562 modo
346 2510 482 2563 noliacum
496 2503 596 2564 aeriter
607 2512 636 2563 in
654 2527 717 2562 canc
731 2526 823 2562 curam
835 2511 935 2562 incam·

133 2579 197 2641 lite,
217 2577 338 2646 cepoeitie
351 2577 459 2631 interim
469 2578 682 2630 contentionibus
687 2614 694 2641 ,
717 2593 782 2644 quac
792 2577 864 2629 inter
873 2575 937 2628 cici·

132 2662 181 2696 nae
199 2645 276 2697 arico
290 2661 366 2713 caepe
380 2646 442 2697 lecit
456 2645 559 2698 oceano
574 2645 701 2697 concitat.
738 2642 809 2696 Odia
819 2645 938 2711 priuata,

131 2723 194 2784 poet
204 2730 258 2765 rem
270 2715 333 2765 hene
342 2722 467 2793 gerlam,
477 2713 621 2764 communic
636 2711 740 2763 laetitia
750 2712 779 2762 in
790 2711 929 2762 heueaolen
1011 2759 1012 2766 ,
