<?xml version="1.0" encoding="UTF-8"?>
<!DOCTYPE html PUBLIC "-//W3C//DTD XHTML 1.0 Transitional//EN"
    "http://www.w3.org/TR/xhtml1/DTD/xhtml1-transitional.dtd">
<html xmlns="http://www.w3.org/1999/xhtml" xml:lang="en" lang="en">
 <head>
  <title>
</title>
<meta http-equiv="Content-Type" content="text/html;charset=utf-8" />
  <meta name='ocr-system' content='tesseract 3.04.00' />
  <meta name='ocr-capabilities' content='ocr_page ocr_carea ocr_par ocr_line ocrx_word'/>
</head>
<body>
  <div class='ocr_page' id='page_1' title='image "./qcurtiirufidere00johagoog_0212.png"; bbox 0 0 2048 3034; ppageno 0'>
   <div class='ocr_carea' id='block_1_1' title="bbox 71 186 655 248">
    <p class='ocr_par' dir='ltr' id='par_1_1' title="bbox 71 186 655 248">
     <span class='ocr_line' id='line_1_1' title="bbox 71 186 655 248; baseline -0.007 -6"><span class='ocrx_word' id='word_1_1' title='bbox 71 196 121 243; x_wconf 76' lang='lat' dir='ltr'><strong>roo</strong></span> <span class='ocrx_word' id='word_1_2' title='bbox 289 186 459 248; x_wconf 69' lang='lat' dir='ltr'><strong>QUINTI</strong></span> <span class='ocrx_word' id='word_1_3' title='bbox 488 187 655 238; x_wconf 74' lang='lat' dir='ltr'><strong>colarii</strong></span> 
     </span>
    </p>
   </div>
   <div class='ocr_carea' id='block_1_2' title="bbox 68 289 881 2780">
    <p class='ocr_par' dir='ltr' id='par_1_2' title="bbox 68 289 877 1500">
     <span class='ocr_line' id='line_1_2' title="bbox 72 289 877 355; baseline -0.005 -11"><span class='ocrx_word' id='word_1_4' title='bbox 72 291 256 344; x_wconf 87' lang='lat' dir='ltr'><strong>dimicandum</strong></span> <span class='ocrx_word' id='word_1_5' title='bbox 267 296 352 352; x_wconf 87' lang='lat' dir='ltr'><strong>esset,</strong></span> <span class='ocrx_word' id='word_1_6' title='bbox 363 289 493 340; x_wconf 81' lang='lat' dir='ltr'><strong>subibant</strong></span> <span class='ocrx_word' id='word_1_7' title='bbox 502 295 607 352; x_wconf 81' lang='lat' dir='ltr'><strong>tamen3</strong></span> <span class='ocrx_word' id='word_1_8' title='bbox 626 289 650 340; x_wconf 77' lang='grc'><strong>9.</strong></span> <span class='ocrx_word' id='word_1_9' title='bbox 663 291 728 355; x_wconf 89' lang='lat' dir='ltr'><strong>quia</strong></span> <span class='ocrx_word' id='word_1_10' title='bbox 738 305 786 340; x_wconf 85' lang='lat' dir='ltr'><strong>rex</strong></span> <span class='ocrx_word' id='word_1_11' title='bbox 797 289 877 342; x_wconf 86' lang='lat' dir='ltr'><strong>iuter</strong></span> 
     </span>
     <span class='ocr_line' id='line_1_3' title="bbox 71 357 877 426; baseline -0.005 -16"><span class='ocrx_word' id='word_1_12' title='bbox 71 361 176 426; x_wconf 86' lang='lat' dir='ltr'><strong>primos</strong></span> <span class='ocrx_word' id='word_1_13' title='bbox 188 358 365 419; x_wconf 83' lang='lat' dir='ltr'><strong>constiterat,</strong></span> <span class='ocrx_word' id='word_1_14' title='bbox 379 357 565 424; x_wconf 85' lang='lat' dir='ltr'><strong>interrogans,</strong></span> <span class='ocrx_word' id='word_1_15' title='bbox 578 363 620 407; x_wconf 90' lang='lat' dir='ltr'><strong>tot</strong></span> <span class='ocrx_word' id='word_1_16' title='bbox 630 357 738 406; x_wconf 91' lang='lat' dir='ltr'><strong>urbium</strong></span> <span class='ocrx_word' id='word_1_17' title='bbox 749 357 877 412; x_wconf 81' lang='lat' dir='ltr'><strong>victores</strong></span> 
     </span>
     <span class='ocr_line' id='line_1_4' title="bbox 72 423 874 478; baseline -0.002 0"><span class='ocrx_word' id='word_1_18' title='bbox 72 441 163 478; x_wconf 84' lang='lat' dir='ltr'><strong>annon</strong></span> <span class='ocrx_word' id='word_1_19' title='bbox 182 425 381 476; x_wconf 72' lang='lat' dir='ltr'><strong>erubescerent</strong></span> <span class='ocrx_word' id='word_1_20' title='bbox 399 423 515 475; x_wconf 88' lang='lat' dir='ltr'><strong>haerere</strong></span> <span class='ocrx_word' id='word_1_21' title='bbox 540 425 568 474; x_wconf 94' lang='lat' dir='ltr'><strong>in</strong></span> <span class='ocrx_word' id='word_1_22' title='bbox 590 424 736 475; x_wconf 82' lang='lat' dir='ltr'><strong>obsidione</strong></span> <span class='ocrx_word' id='word_1_23' title='bbox 761 426 874 476; x_wconf 78' lang='lat' dir='ltr'><strong>castelli</strong></span> 
     </span>
     <span class='ocr_line' id='line_1_5' title="bbox 72 490 874 560; baseline 0.001 -16"><span class='ocrx_word' id='word_1_24' title='bbox 72 491 167 560; x_wconf 80' lang='lat' dir='ltr'><strong>exigui</strong></span> <span class='ocrx_word' id='word_1_25' title='bbox 177 499 205 544; x_wconf 91' lang='lat' dir='ltr'><strong>et</strong></span> <span class='ocrx_word' id='word_1_26' title='bbox 215 493 349 559; x_wconf 85' lang='lat' dir='ltr'><strong>ignobilis</strong></span> <span class='ocrx_word' id='word_1_27' title='bbox 354 492 368 546; x_wconf 72' lang='lat' dir='ltr'><strong>&#39;t</strong></span> <span class='ocrx_word' id='word_1_28' title='bbox 385 492 467 542; x_wconf 91' lang='lat' dir='ltr'><strong>simul</strong></span> <span class='ocrx_word' id='word_1_29' title='bbox 477 492 628 542; x_wconf 90' lang='lat' dir='ltr'><strong>admonens</strong></span> <span class='ocrx_word' id='word_1_30' title='bbox 638 493 651 520; x_wconf 83' lang='lat'>*</span> <span class='ocrx_word' id='word_1_31' title='bbox 660 493 672 520; x_wconf 82' lang='lat'>*</span> <span class='ocrx_word' id='word_1_32' title='bbox 680 491 694 519; x_wconf 75' lang='lat'>*</span> <span class='ocrx_word' id='word_1_33' title='bbox 707 491 783 543; x_wconf 85' lang='lat' dir='ltr'><strong>Inter</strong></span> <span class='ocrx_word' id='word_1_34' title='bbox 802 490 874 544; x_wconf 83' lang='lat' dir='ltr'><strong>baec</strong></span> 
     </span>
     <span class='ocr_line' id='line_1_6' title="bbox 72 559 874 626; baseline 0.001 -16"><span class='ocrx_word' id='word_1_35' title='bbox 72 562 178 611; x_wconf 86' lang='lat' dir='ltr'><strong>eminus</strong></span> <span class='ocrx_word' id='word_1_36' title='bbox 197 560 356 626; x_wconf 83' lang='lat' dir='ltr'><strong>petebatur3</strong></span> <span class='ocrx_word' id='word_1_37' title='bbox 376 574 457 625; x_wconf 83' lang='lat' dir='ltr'><strong>quem</strong></span> <span class='ocrx_word' id='word_1_38' title='bbox 476 559 616 610; x_wconf 81' lang='lat' dir='ltr'><strong>testudine</strong></span> <span class='ocrx_word' id='word_1_39' title='bbox 631 559 742 610; x_wconf 87' lang='lat' dir='ltr'><strong>obiecta</strong></span> <span class='ocrx_word' id='word_1_40' title='bbox 757 559 874 624; x_wconf 81' lang='lat' dir='ltr'><strong>milites,</strong></span> 
     </span>
     <span class='ocr_line' id='line_1_7' title="bbox 72 626 872 696; baseline 0 -18"><span class='ocrx_word' id='word_1_41' title='bbox 72 629 117 696; x_wconf 92' lang='lat' dir='ltr'><strong>qui</strong></span> <span class='ocrx_word' id='word_1_42' title='bbox 128 635 159 678; x_wconf 93' lang='lat' dir='ltr'><strong>ut</strong></span> <span class='ocrx_word' id='word_1_43' title='bbox 171 629 236 678; x_wconf 88' lang='lat' dir='ltr'><strong>inde</strong></span> <span class='ocrx_word' id='word_1_44' title='bbox 251 629 410 679; x_wconf 87' lang='lat' dir='ltr'><strong>discederet</strong></span> <span class='ocrx_word' id='word_1_45' title='bbox 425 626 580 692; x_wconf 87' lang='lat' dir='ltr'><strong>perpellere</strong></span> <span class='ocrx_word' id='word_1_46' title='bbox 595 627 789 694; x_wconf 85' lang='lat' dir='ltr'><strong>nequiverant,</strong></span> <span class='ocrx_word' id='word_1_47' title='bbox 811 635 872 678; x_wconf 86' lang='lat' dir='ltr'><strong>tuc-</strong></span> 
     </span>
     <span class='ocr_line' id='line_1_8' title="bbox 70 695 871 760; baseline 0 -14"><span class='ocrx_word' id='word_1_48' title='bbox 70 697 179 747; x_wconf 84' lang='lat' dir='ltr'><strong>bantur.</strong></span> <span class='ocrx_word' id='word_1_49' title='bbox 217 698 257 746; x_wconf 87' lang='lat' dir='ltr'><strong>ro.</strong></span> <span class='ocrx_word' id='word_1_50' title='bbox 277 696 401 746; x_wconf 84' lang='lat' dir='ltr'><strong>Tandem</strong></span> <span class='ocrx_word' id='word_1_51' title='bbox 417 696 530 746; x_wconf 87' lang='lat' dir='ltr'><strong>&#39;l&#39;auron</strong></span> <span class='ocrx_word' id='word_1_52' title='bbox 544 709 627 760; x_wconf 90' lang='lat' dir='ltr'><strong>super</strong></span> <span class='ocrx_word' id='word_1_53' title='bbox 640 708 732 744; x_wconf 88' lang='lat' dir='ltr'><strong>arcem</strong></span> <span class='ocrx_word' id='word_1_54' title='bbox 744 695 822 744; x_wconf 89' lang='lat' dir='ltr'><strong>urbis</strong></span> <span class='ocrx_word' id='word_1_55' title='bbox 840 710 871 746; x_wconf 89' lang='lat' dir='ltr'><strong>se</strong></span> 
     </span>
     <span class='ocr_line' id='line_1_9' title="bbox 71 761 876 830; baseline 0 -16"><span class='ocrx_word' id='word_1_56' title='bbox 71 779 133 814; x_wconf 90' lang='lat' dir='ltr'><strong>cum</strong></span> <span class='ocrx_word' id='word_1_57' title='bbox 147 778 197 815; x_wconf 91' lang='lat' dir='ltr'><strong>suo</strong></span> <span class='ocrx_word' id='word_1_58' title='bbox 216 763 326 830; x_wconf 80' lang='lat' dir='ltr'><strong>agmine</strong></span> <span class='ocrx_word' id='word_1_59' title='bbox 343 761 477 812; x_wconf 81' lang='lat' dir='ltr'><strong>ostendit:</strong></span> <span class='ocrx_word' id='word_1_60' title='bbox 500 761 534 812; x_wconf 90' lang='lat' dir='ltr'><strong>ad</strong></span> <span class='ocrx_word' id='word_1_61' title='bbox 551 762 629 812; x_wconf 90' lang='lat' dir='ltr'><strong>cuius</strong></span> <span class='ocrx_word' id='word_1_62' title='bbox 643 767 823 827; x_wconf 87' lang='lat' dir='ltr'><strong>conspectum</strong></span> <span class='ocrx_word' id='word_1_63' title='bbox 844 769 876 814; x_wconf 81' lang='lat' dir='ltr'><strong>et</strong></span> 
     </span>
     <span class='ocr_line' id='line_1_10' title="bbox 70 829 874 895; baseline 0 -15"><span class='ocrx_word' id='word_1_64' title='bbox 70 831 155 882; x_wconf 90' lang='lat' dir='ltr'><strong>animi</strong></span> <span class='ocrx_word' id='word_1_65' title='bbox 165 829 287 884; x_wconf 87' lang='lat' dir='ltr'><strong>hostium</strong></span> <span class='ocrx_word' id='word_1_66' title='bbox 296 830 401 891; x_wconf 86' lang='lat' dir='ltr'><strong>labare,</strong></span> <span class='ocrx_word' id='word_1_67' title='bbox 414 835 442 882; x_wconf 90' lang='lat' dir='ltr'><strong>et</strong></span> <span class='ocrx_word' id='word_1_68' title='bbox 450 829 621 880; x_wconf 87' lang='lat' dir='ltr'><strong>Macedones</strong></span> <span class='ocrx_word' id='word_1_69' title='bbox 631 831 723 880; x_wconf 90' lang='lat' dir='ltr'><strong>acrius</strong></span> <span class='ocrx_word' id='word_1_70' title='bbox 733 829 874 895; x_wconf 88' lang='lat' dir='ltr'><strong>proelium</strong></span> 
     </span>
     <span class='ocr_line' id='line_1_11' title="bbox 69 896 875 965; baseline -0.005 -15"><span class='ocrx_word' id='word_1_71' title='bbox 69 898 141 950; x_wconf 89' lang='lat' dir='ltr'><strong>inire</strong></span> <span class='ocrx_word' id='word_1_72' title='bbox 162 903 323 965; x_wconf 83' lang='lat' dir='ltr'><strong>coeperunt.</strong></span> <span class='ocrx_word' id='word_1_73' title='bbox 360 900 400 947; x_wconf 91' lang='lat' dir='ltr'><strong>ll.</strong></span> <span class='ocrx_word' id='word_1_74' title='bbox 418 898 525 963; x_wconf 82' lang='lat' dir='ltr'><strong>Anceps</strong></span> <span class='ocrx_word' id='word_1_75' title='bbox 539 896 693 963; x_wconf 87' lang='lat' dir='ltr'><strong>oppidanos</strong></span> <span class='ocrx_word' id='word_1_76' title='bbox 705 896 807 946; x_wconf 85' lang='lat' dir='ltr'><strong>malum</strong></span> <span class='ocrx_word' id='word_1_77' title='bbox 827 913 875 946; x_wconf 91' lang='lat' dir='ltr'><strong>ur-</strong></span> 
     </span>
     <span class='ocr_line' id='line_1_12' title="bbox 70 961 873 1032; baseline 0 -16"><span class='ocrx_word' id='word_1_78' title='bbox 70 967 168 1032; x_wconf 83' lang='lat' dir='ltr'><strong>gebat3</strong></span> <span class='ocrx_word' id='word_1_79' title='bbox 179 981 231 1016; x_wconf 87' lang='lat' dir='ltr'><strong>nec</strong></span> <span class='ocrx_word' id='word_1_80' title='bbox 242 966 305 1016; x_wconf 90' lang='lat' dir='ltr'><strong>sisti</strong></span> <span class='ocrx_word' id='word_1_81' title='bbox 314 965 356 1014; x_wconf 85' lang='lat' dir='ltr'><strong>vis</strong></span> <span class='ocrx_word' id='word_1_82' title='bbox 367 963 488 1015; x_wconf 90' lang='lat' dir='ltr'><strong>hostium</strong></span> <span class='ocrx_word' id='word_1_83' title='bbox 498 969 619 1030; x_wconf 88' lang='lat' dir='ltr'><strong>poterat.</strong></span> <span class='ocrx_word' id='word_1_84' title='bbox 656 961 756 1014; x_wconf 84' lang='lat' dir='ltr'><strong>Paucis</strong></span> <span class='ocrx_word' id='word_1_85' title='bbox 767 963 803 1014; x_wconf 86' lang='lat' dir='ltr'><strong>ad</strong></span> <span class='ocrx_word' id='word_1_86' title='bbox 813 979 873 1016; x_wconf 93' lang='lat' dir='ltr'><strong>mo·</strong></span> 
     </span>
     <span class='ocr_line' id='line_1_13' title="bbox 68 1029 873 1100; baseline -0.002 -16"><span class='ocrx_word' id='word_1_87' title='bbox 68 1035 205 1096; x_wconf 75' lang='lat' dir='ltr'><strong>nendum,</strong></span> <span class='ocrx_word' id='word_1_88' title='bbox 215 1033 340 1100; x_wconf 87' lang='lat' dir='ltr'><strong>pluribus</strong></span> <span class='ocrx_word' id='word_1_89' title='bbox 350 1031 386 1082; x_wconf 88' lang='lat' dir='ltr'><strong>ad</strong></span> <span class='ocrx_word' id='word_1_90' title='bbox 396 1029 490 1098; x_wconf 83' lang='lat' dir='ltr'><strong>fugam</strong></span> <span class='ocrx_word' id='word_1_91' title='bbox 502 1032 607 1082; x_wconf 85' lang='lat' dir='ltr'><strong>animus</strong></span> <span class='ocrx_word' id='word_1_92' title='bbox 619 1029 684 1080; x_wconf 83' lang='lat' dir='ltr'><strong>fuit:</strong></span> <span class='ocrx_word' id='word_1_93' title='bbox 694 1045 796 1098; x_wconf 81' lang='lat' dir='ltr'><strong>magna</strong></span> <span class='ocrx_word' id='word_1_94' title='bbox 805 1046 873 1097; x_wconf 84' lang='lat' dir='ltr'><strong>pars</strong></span> 
     </span>
     <span class='ocr_line' id='line_1_14' title="bbox 68 1097 874 1154; baseline -0.005 0"><span class='ocrx_word' id='word_1_95' title='bbox 68 1103 98 1154; x_wconf 87' lang='lat' dir='ltr'><strong>iu</strong></span> <span class='ocrx_word' id='word_1_96' title='bbox 108 1115 201 1152; x_wconf 86' lang='lat' dir='ltr'><strong>arcem</strong></span> <span class='ocrx_word' id='word_1_97' title='bbox 211 1098 360 1150; x_wconf 83' lang='lat' dir='ltr'><strong>concessit.</strong></span> <span class='ocrx_word' id='word_1_98' title='bbox 394 1097 461 1148; x_wconf 89' lang='lat' dir='ltr'><strong>Inde</strong></span> <span class='ocrx_word' id='word_1_99' title='bbox 472 1097 554 1148; x_wconf 86' lang='lat' dir='ltr'><strong>XXX</strong></span> <span class='ocrx_word' id='word_1_100' title='bbox 563 1099 721 1150; x_wconf 89' lang='lat' dir='ltr'><strong>oratoribus</strong></span> <span class='ocrx_word' id='word_1_101' title='bbox 731 1100 824 1150; x_wconf 87' lang='lat' dir='ltr'><strong>missis</strong></span> <span class='ocrx_word' id='word_1_102' title='bbox 836 1098 874 1150; x_wconf 90' lang='lat' dir='ltr'><strong>ad</strong></span> 
     </span>
     <span class='ocr_line' id='line_1_15' title="bbox 70 1165 873 1234; baseline -0.002 -16"><span class='ocrx_word' id='word_1_103' title='bbox 70 1167 283 1234; x_wconf 86' lang='lat' dir='ltr'><strong>deprecandum,</strong></span> <span class='ocrx_word' id='word_1_104' title='bbox 294 1165 376 1216; x_wconf 89' lang='lat' dir='ltr'><strong>triste</strong></span> <span class='ocrx_word' id='word_1_105' title='bbox 387 1179 552 1230; x_wconf 89' lang='lat' dir='ltr'><strong>responsum</strong></span> <span class='ocrx_word' id='word_1_106' title='bbox 562 1181 579 1214; x_wconf 89' lang='lat' dir='ltr'><strong>a</strong></span> <span class='ocrx_word' id='word_1_107' title='bbox 588 1181 655 1232; x_wconf 86' lang='lat' dir='ltr'><strong>rege</strong></span> <span class='ocrx_word' id='word_1_108' title='bbox 666 1166 801 1228; x_wconf 87' lang='lat' dir='ltr'><strong>redditur,</strong></span> <span class='ocrx_word' id='word_1_109' title='bbox 813 1181 873 1217; x_wconf 87' lang='lat' dir='ltr'><strong>nou</strong></span> 
     </span>
     <span class='ocr_line' id='line_1_16' title="bbox 70 1232 876 1300; baseline -0.002 -14"><span class='ocrx_word' id='word_1_110' title='bbox 70 1249 133 1286; x_wconf 84' lang='lat' dir='ltr'><strong>esse</strong></span> <span class='ocrx_word' id='word_1_111' title='bbox 152 1234 250 1286; x_wconf 76' lang='lat' dir='ltr'><strong>reniae</strong></span> <span class='ocrx_word' id='word_1_112' title='bbox 271 1233 372 1282; x_wconf 82' lang='lat' dir='ltr'><strong>locum.</strong></span> <span class='ocrx_word' id='word_1_113' title='bbox 410 1234 449 1282; x_wconf 76' lang='lat'><strong>12.</strong></span> <span class='ocrx_word' id='word_1_114' title='bbox 469 1232 565 1297; x_wconf 88' lang='lat' dir='ltr'><strong>ltaque</strong></span> <span class='ocrx_word' id='word_1_115' title='bbox 581 1233 779 1300; x_wconf 85' lang='lat' dir='ltr'><strong>suppliciorum</strong></span> <span class='ocrx_word' id='word_1_116' title='bbox 794 1239 876 1284; x_wconf 85' lang='lat' dir='ltr'><strong>metu</strong></span> 
     </span>
     <span class='ocr_line' id='line_1_17' title="bbox 68 1297 873 1368; baseline 0.002 -17"><span class='ocrx_word' id='word_1_117' title='bbox 68 1299 201 1368; x_wconf 87' lang='lat' dir='ltr'><strong>perculsi,</strong></span> <span class='ocrx_word' id='word_1_118' title='bbox 213 1299 248 1348; x_wconf 91' lang='lat' dir='ltr'><strong>ad</strong></span> <span class='ocrx_word' id='word_1_119' title='bbox 261 1298 460 1365; x_wconf 86' lang='lat' dir='ltr'><strong>Sisygambim,</strong></span> <span class='ocrx_word' id='word_1_120' title='bbox 473 1297 552 1349; x_wconf 86' lang='lat' dir='ltr'><strong>Darii</strong></span> <span class='ocrx_word' id='word_1_121' title='bbox 560 1308 691 1363; x_wconf 90' lang='lat' dir='ltr'><strong>matrem,</strong></span> <span class='ocrx_word' id='word_1_122' title='bbox 703 1301 815 1352; x_wconf 88' lang='lat' dir='ltr'><strong>occulto</strong></span> <span class='ocrx_word' id='word_1_123' title='bbox 826 1303 873 1352; x_wconf 90' lang='lat' dir='ltr'><strong>iti-</strong></span> 
     </span>
     <span class='ocr_line' id='line_1_18' title="bbox 68 1365 874 1434; baseline 0 -16"><span class='ocrx_word' id='word_1_124' title='bbox 68 1382 136 1418; x_wconf 90' lang='lat' dir='ltr'><strong>nere</strong></span> <span class='ocrx_word' id='word_1_125' title='bbox 150 1367 304 1433; x_wconf 85' lang='lat' dir='ltr'><strong>ignotoque</strong></span> <span class='ocrx_word' id='word_1_126' title='bbox 328 1365 454 1417; x_wconf 86' lang='lat' dir='ltr'><strong>hostibus</strong></span> <span class='ocrx_word' id='word_1_127' title='bbox 475 1367 596 1430; x_wconf 86' lang='lat' dir='ltr'><strong>mittunt,</strong></span> <span class='ocrx_word' id='word_1_128' title='bbox 617 1370 664 1433; x_wconf 91' lang='lat' dir='ltr'><strong>qui</strong></span> <span class='ocrx_word' id='word_1_129' title='bbox 682 1374 820 1434; x_wconf 85' lang='lat' dir='ltr'><strong>peterent,</strong></span> <span class='ocrx_word' id='word_1_130' title='bbox 841 1374 874 1420; x_wconf 84' lang='lat' dir='ltr'><strong>ut</strong></span> 
     </span>
     <span class='ocr_line' id='line_1_19' title="bbox 68 1433 876 1500; baseline 0.001 -15"><span class='ocrx_word' id='word_1_131' title='bbox 68 1437 79 1485; x_wconf 93' lang='lat' dir='ltr'><strong>i</strong></span> <span class='ocrx_word' id='word_1_132' title='bbox 100 1450 131 1485; x_wconf 89' lang='lat' dir='ltr'><strong>sa</strong></span> <span class='ocrx_word' id='word_1_133' title='bbox 140 1448 236 1499; x_wconf 84' lang='lat' dir='ltr'><strong>regem</strong></span> <span class='ocrx_word' id='word_1_134' title='bbox 246 1434 399 1500; x_wconf 83' lang='lat' dir='ltr'><strong>mitigaret:</strong></span> <span class='ocrx_word' id='word_1_135' title='bbox 412 1433 484 1484; x_wconf 89' lang='lat' dir='ltr'><strong>haud</strong></span> <span class='ocrx_word' id='word_1_136' title='bbox 495 1435 722 1500; x_wconf 85' lang='lat' dir='ltr'><strong>ignari,parentis</strong></span> <span class='ocrx_word' id='word_1_137' title='bbox 734 1451 794 1486; x_wconf 86' lang='lat' dir='ltr'><strong>eam</strong></span> <span class='ocrx_word' id='word_1_138' title='bbox 805 1436 876 1486; x_wconf 90' lang='lat' dir='ltr'><strong>loco-</strong></span> 
     </span>
    </p>

    <p class='ocr_par' dir='ltr' id='par_1_3' title="bbox 68 1501 881 2780">
     <span class='ocr_line' id='line_1_20' title="bbox 89 1501 876 1568; baseline 0.005 -18"><span class='ocrx_word' id='word_1_139' title='bbox 89 1501 151 1568; x_wconf 82' lang='lat' dir='ltr'><strong>iligi</strong></span> <span class='ocrx_word' id='word_1_140' title='bbox 163 1501 283 1568; x_wconf 88' lang='lat' dir='ltr'><strong>colique.</strong></span> <span class='ocrx_word' id='word_1_141' title='bbox 312 1501 347 1552; x_wconf 87' lang='lat' dir='ltr'><strong>Et</strong></span> <span class='ocrx_word' id='word_1_142' title='bbox 356 1502 485 1553; x_wconf 82' lang='lat' dir='ltr'><strong>Medates</strong></span> <span class='ocrx_word' id='word_1_143' title='bbox 496 1503 603 1552; x_wconf 88' lang='lat' dir='ltr'><strong>sororis</strong></span> <span class='ocrx_word' id='word_1_144' title='bbox 613 1503 698 1552; x_wconf 85' lang='lat' dir='ltr'><strong>filiam</strong></span> <span class='ocrx_word' id='word_1_145' title='bbox 709 1519 804 1554; x_wconf 90' lang='lat' dir='ltr'><strong>secum</strong></span> <span class='ocrx_word' id='word_1_146' title='bbox 813 1518 876 1554; x_wconf 89' lang='lat' dir='ltr'><strong>ma·-</strong></span> 
     </span>
     <span class='ocr_line' id='line_1_21' title="bbox 68 1568 872 1637; baseline 0.001 -17"><span class='ocrx_word' id='word_1_147' title='bbox 68 1568 201 1620; x_wconf 85' lang='lat' dir='ltr'><strong>trimonio</strong></span> <span class='ocrx_word' id='word_1_148' title='bbox 221 1569 363 1632; x_wconf 84' lang='lat' dir='ltr'><strong>iunxerat,</strong></span> <span class='ocrx_word' id='word_1_149' title='bbox 391 1568 508 1620; x_wconf 85' lang='lat' dir='ltr'><strong>Darium</strong></span> <span class='ocrx_word' id='word_1_150' title='bbox 528 1573 682 1637; x_wconf 87' lang='lat' dir='ltr'><strong>propinque</strong></span> <span class='ocrx_word' id='word_1_151' title='bbox 701 1571 872 1637; x_wconf 85' lang='lat' dir='ltr'><strong>cognatione</strong></span> 
     </span>
     <span class='ocr_line' id='line_1_22' title="bbox 69 1636 874 1704; baseline -0.001 -15"><span class='ocrx_word' id='word_1_152' title='bbox 69 1636 244 1704; x_wconf 85' lang='lat' dir='ltr'><strong>contingens.</strong></span> <span class='ocrx_word' id='word_1_153' title='bbox 281 1637 321 1690; x_wconf 77' lang='lat'><strong>13.</strong></span> <span class='ocrx_word' id='word_1_154' title='bbox 339 1636 397 1690; x_wconf 89' lang='lat' dir='ltr'><strong>Diu</strong></span> <span class='ocrx_word' id='word_1_155' title='bbox 415 1636 589 1704; x_wconf 84' lang='lat' dir='ltr'><strong>Sisygambis</strong></span> <span class='ocrx_word' id='word_1_156' title='bbox 608 1638 761 1704; x_wconf 90' lang='lat' dir='ltr'><strong>supplicum</strong></span> <span class='ocrx_word' id='word_1_157' title='bbox 781 1639 874 1704; x_wconf 84' lang='lat' dir='ltr'><strong>preci·</strong></span> 
     </span>
     <span class='ocr_line' id='line_1_23' title="bbox 68 1704 874 1772; baseline 0 -16"><span class='ocrx_word' id='word_1_158' title='bbox 68 1705 121 1758; x_wconf 89' lang='lat' dir='ltr'><strong>bus</strong></span> <span class='ocrx_word' id='word_1_159' title='bbox 143 1705 323 1772; x_wconf 81' lang='lat' dir='ltr'><strong>repugnavit,</strong></span> <span class='ocrx_word' id='word_1_160' title='bbox 344 1705 476 1766; x_wconf 84' lang='lat' dir='ltr'><strong>abnuens,</strong></span> <span class='ocrx_word' id='word_1_161' title='bbox 499 1705 723 1771; x_wconf 86' lang='lat' dir='ltr'><strong>deprecationem</strong></span> <span class='ocrx_word' id='word_1_162' title='bbox 743 1721 792 1772; x_wconf 90' lang='lat' dir='ltr'><strong>pro</strong></span> <span class='ocrx_word' id='word_1_163' title='bbox 813 1704 874 1756; x_wconf 87' lang='lat' dir='ltr'><strong>illis</strong></span> 
     </span>
     <span class='ocr_line' id='line_1_24' title="bbox 69 1772 874 1840; baseline 0 -16"><span class='ocrx_word' id='word_1_164' title='bbox 69 1774 220 1826; x_wconf 84' lang='lat' dir='ltr'><strong>convenire</strong></span> <span class='ocrx_word' id='word_1_165' title='bbox 231 1772 370 1836; x_wconf 82' lang='lat' dir='ltr'><strong>fortunae,</strong></span> <span class='ocrx_word' id='word_1_166' title='bbox 380 1774 408 1824; x_wconf 89' lang='lat' dir='ltr'><strong>in</strong></span> <span class='ocrx_word' id='word_1_167' title='bbox 420 1788 474 1840; x_wconf 89' lang='lat' dir='ltr'><strong>qua</strong></span> <span class='ocrx_word' id='word_1_168' title='bbox 485 1779 572 1824; x_wconf 82' lang='lat' dir='ltr'><strong>esset:</strong></span> <span class='ocrx_word' id='word_1_169' title='bbox 587 1773 755 1838; x_wconf 88' lang='lat' dir='ltr'><strong>adiecitque,</strong></span> <span class='ocrx_word' id='word_1_170' title='bbox 766 1780 874 1824; x_wconf 77' lang='lat' dir='ltr'><strong>nietue·</strong></span> 
     </span>
     <span class='ocr_line' id='line_1_25' title="bbox 68 1839 874 1908; baseline 0.001 -17"><span class='ocrx_word' id='word_1_171' title='bbox 68 1856 100 1892; x_wconf 87' lang='lat' dir='ltr'><strong>re</strong></span> <span class='ocrx_word' id='word_1_172' title='bbox 111 1856 174 1892; x_wconf 90' lang='lat' dir='ltr'><strong>sese</strong></span> <span class='ocrx_word' id='word_1_173' title='bbox 179 1877 188 1902; x_wconf 86' lang='lat'><strong>,</strong></span> <span class='ocrx_word' id='word_1_174' title='bbox 198 1857 232 1892; x_wconf 91' lang='lat' dir='ltr'><strong>ne</strong></span> <span class='ocrx_word' id='word_1_175' title='bbox 243 1842 359 1893; x_wconf 83' lang='lat' dir='ltr'><strong>victoris</strong></span> <span class='ocrx_word' id='word_1_176' title='bbox 369 1841 570 1908; x_wconf 86' lang='lat' dir='ltr'><strong>indulgentiam</strong></span> <span class='ocrx_word' id='word_1_177' title='bbox 581 1839 726 1906; x_wconf 74' lang='lat' dir='ltr'><strong>fatigaret,</strong></span> <span class='ocrx_word' id='word_1_178' title='bbox 747 1841 874 1907; x_wconf 87' lang='lat' dir='ltr'><strong>saepius-</strong></span> 
     </span>
     <span class='ocr_line' id='line_1_26' title="bbox 69 1907 877 1976; baseline -0.005 -17"><span class='ocrx_word' id='word_1_179' title='bbox 69 1924 123 1976; x_wconf 89' lang='lat' dir='ltr'><strong>que</strong></span> <span class='ocrx_word' id='word_1_180' title='bbox 134 1909 414 1976; x_wconf 84' lang='lat' dir='ltr'><strong>cogitare,captivam</strong></span> <span class='ocrx_word' id='word_1_181' title='bbox 425 1923 487 1958; x_wconf 90' lang='lat' dir='ltr'><strong>esse</strong></span> <span class='ocrx_word' id='word_1_182' title='bbox 498 1907 877 1975; x_wconf 84' lang='lat' dir='ltr'><strong>se,qua1nreginamiuisse..</strong></span> 
     </span>
     <span class='ocr_line' id='line_1_27' title="bbox 70 1975 875 2043; baseline 0 -16"><span class='ocrx_word' id='word_1_183' title='bbox 70 1977 111 2028; x_wconf 85' lang='lat'><strong>14.</strong></span> <span class='ocrx_word' id='word_1_184' title='bbox 131 1976 172 2027; x_wconf 82' lang='lat' dir='ltr'><strong>Ad</strong></span> <span class='ocrx_word' id='word_1_185' title='bbox 186 1977 311 2027; x_wconf 85' lang='lat' dir='ltr'><strong>ultimum</strong></span> <span class='ocrx_word' id='word_1_186' title='bbox 324 1977 406 2035; x_wconf 90' lang='lat' dir='ltr'><strong>victa,</strong></span> <span class='ocrx_word' id='word_1_187' title='bbox 429 1975 519 2024; x_wconf 89' lang='lat' dir='ltr'><strong>literis</strong></span> <span class='ocrx_word' id='word_1_188' title='bbox 529 1975 714 2026; x_wconf 85' lang='lat' dir='ltr'><strong>Alexandrum</strong></span> <span class='ocrx_word' id='word_1_189' title='bbox 724 1977 764 2027; x_wconf 87' lang='lat' dir='ltr'><strong>ita</strong></span> <span class='ocrx_word' id='word_1_190' title='bbox 774 1977 875 2043; x_wconf 90' lang='lat' dir='ltr'><strong>depre-</strong></span> 
     </span>
     <span class='ocr_line' id='line_1_28' title="bbox 69 2043 873 2112; baseline -0.001 -18"><span class='ocrx_word' id='word_1_191' title='bbox 69 2051 133 2095; x_wconf 89' lang='lat' dir='ltr'><strong>cata</strong></span> <span class='ocrx_word' id='word_1_192' title='bbox 153 2051 208 2094; x_wconf 89' lang='lat' dir='ltr'><strong>est:</strong></span> <span class='ocrx_word' id='word_1_193' title='bbox 229 2050 280 2106; x_wconf 87' lang='lat' dir='ltr'><strong>„ut</strong></span> <span class='ocrx_word' id='word_1_194' title='bbox 293 2046 381 2109; x_wconf 86' lang='lat' dir='ltr'><strong>ipsam</strong></span> <span class='ocrx_word' id='word_1_195' title='bbox 397 2049 557 2105; x_wconf 83' lang='lat' dir='ltr'><strong>excusaret,</strong></span> <span class='ocrx_word' id='word_1_196' title='bbox 579 2043 652 2109; x_wconf 91' lang='lat' dir='ltr'><strong>quod</strong></span> <span class='ocrx_word' id='word_1_197' title='bbox 665 2043 873 2112; x_wconf 80' lang='lat' dir='ltr'><strong>deprecaretur.</strong></span> 
     </span>
     <span class='ocr_line' id='line_1_29' title="bbox 69 2107 878 2176; baseline 0 -14"><span class='ocrx_word' id='word_1_198' title='bbox 69 2111 172 2162; x_wconf 88' lang='lat' dir='ltr'><strong>Petere</strong></span> <span class='ocrx_word' id='word_1_199' title='bbox 183 2125 222 2172; x_wconf 89' lang='lat' dir='ltr'><strong>se,</strong></span> <span class='ocrx_word' id='word_1_200' title='bbox 234 2116 265 2161; x_wconf 91' lang='lat' dir='ltr'><strong>ut</strong></span> <span class='ocrx_word' id='word_1_201' title='bbox 275 2110 333 2160; x_wconf 88' lang='lat' dir='ltr'><strong>illis</strong></span> <span class='ocrx_word' id='word_1_202' title='bbox 344 2124 467 2176; x_wconf 86' lang='lat' dir='ltr'><strong>quoquc,</strong></span> <span class='ocrx_word' id='word_1_203' title='bbox 486 2110 513 2160; x_wconf 79' lang='lat' dir='ltr'><strong>&#39;si</strong></span> <span class='ocrx_word' id='word_1_204' title='bbox 525 2110 624 2172; x_wconf 87' lang='lat' dir='ltr'><strong>minus,</strong></span> <span class='ocrx_word' id='word_1_205' title='bbox 635 2107 689 2162; x_wconf 93' lang='lat' dir='ltr'><strong>sibi</strong></span> <span class='ocrx_word' id='word_1_206' title='bbox 699 2113 709 2161; x_wconf 93' lang='lat' dir='ltr'><strong>i</strong></span> <span class='ocrx_word' id='word_1_207' title='bbox 731 2117 878 2163; x_wconf 81' lang='lat' dir='ltr'><strong>nosceret.</strong></span> 
     </span>
     <span class='ocr_line' id='line_1_30' title="bbox 70 2176 876 2243; baseline 0.001 -14"><span class='ocrx_word' id='word_1_208' title='bbox 70 2177 128 2229; x_wconf 90' lang='lat' dir='ltr'><strong>Pro</strong></span> <span class='ocrx_word' id='word_1_209' title='bbox 139 2177 300 2230; x_wconf 87' lang='lat' dir='ltr'><strong>necessario</strong></span> <span class='ocrx_word' id='word_1_210' title='bbox 312 2191 345 2226; x_wconf 88' lang='lat' dir='ltr'><strong>ac</strong></span> <span class='ocrx_word' id='word_1_211' title='bbox 356 2176 511 2243; x_wconf 87' lang='lat' dir='ltr'><strong>propinquo</strong></span> <span class='ocrx_word' id='word_1_212' title='bbox 524 2178 646 2241; x_wconf 64' lang='lat' dir='ltr'><strong>suadem</strong></span> <span class='ocrx_word' id='word_1_213' title='bbox 656 2193 712 2230; x_wconf 93' lang='lat' dir='ltr'><strong>non</strong></span> <span class='ocrx_word' id='word_1_214' title='bbox 743 2185 813 2240; x_wconf 90' lang='lat' dir='ltr'><strong>oste,</strong></span> <span class='ocrx_word' id='word_1_215' title='bbox 823 2179 876 2230; x_wconf 85' lang='lat' dir='ltr'><strong>sed</strong></span> 
     </span>
     <span class='ocr_line' id='line_1_31' title="bbox 71 2243 878 2312; baseline 0 -16"><span class='ocrx_word' id='word_1_216' title='bbox 71 2246 207 2312; x_wconf 86' lang='lat' dir='ltr'><strong>supplice,</strong></span> <span class='ocrx_word' id='word_1_217' title='bbox 219 2251 325 2294; x_wconf 85' lang='lat' dir='ltr'><strong>tantum</strong></span> <span class='ocrx_word' id='word_1_218' title='bbox 335 2243 420 2293; x_wconf 88' lang='lat' dir='ltr'><strong>vitam</strong></span> <span class='ocrx_word' id='word_1_219' title='bbox 430 2246 567 2310; x_wconf 85' lang='lat' dir='ltr'><strong>precari.“</strong></span> <span class='ocrx_word' id='word_1_220' title='bbox 596 2244 636 2296; x_wconf 86' lang='grc'><strong>15.</strong></span> <span class='ocrx_word' id='word_1_221' title='bbox 647 2245 878 2298; x_wconf 85' lang='lat' dir='ltr'><strong>Moderationem</strong></span> 
     </span>
     <span class='ocr_line' id='line_1_32' title="bbox 72 2311 876 2378; baseline 0.001 -15"><span class='ocrx_word' id='word_1_222' title='bbox 72 2312 303 2376; x_wconf 84' lang='lat' dir='ltr'><strong>clementiamque</strong></span> <span class='ocrx_word' id='word_1_223' title='bbox 317 2311 404 2378; x_wconf 87' lang='lat' dir='ltr'><strong>regis,</strong></span> <span class='ocrx_word' id='word_1_224' title='bbox 424 2327 495 2378; x_wconf 91' lang='lat' dir='ltr'><strong>quae</strong></span> <span class='ocrx_word' id='word_1_225' title='bbox 509 2319 575 2364; x_wconf 92' lang='lat' dir='ltr'><strong>tunc</strong></span> <span class='ocrx_word' id='word_1_226' title='bbox 589 2312 655 2375; x_wconf 87' lang='lat' dir='ltr'><strong>fuit,</strong></span> <span class='ocrx_word' id='word_1_227' title='bbox 676 2314 719 2364; x_wconf 83' lang='lat' dir='ltr'><strong>vel</strong></span> <span class='ocrx_word' id='word_1_228' title='bbox 733 2325 789 2364; x_wconf 83' lang='lat' dir='ltr'><strong>una</strong></span> <span class='ocrx_word' id='word_1_229' title='bbox 804 2311 876 2364; x_wconf 87' lang='lat' dir='ltr'><strong>baec</strong></span> 
     </span>
     <span class='ocr_line' id='line_1_33' title="bbox 71 2378 879 2448; baseline 0.005 -20"><span class='ocrx_word' id='word_1_230' title='bbox 71 2394 119 2429; x_wconf 86' lang='lat' dir='ltr'><strong>res</strong></span> <span class='ocrx_word' id='word_1_231' title='bbox 129 2380 221 2444; x_wconf 89' lang='lat' dir='ltr'><strong>possit</strong></span> <span class='ocrx_word' id='word_1_232' title='bbox 231 2378 379 2428; x_wconf 88' lang='lat' dir='ltr'><strong>ostendere</strong></span> <span class='ocrx_word' id='word_1_233' title='bbox 390 2395 396 2428; x_wconf 73' lang='grc' dir='ltr'><strong>ε</strong></span> <span class='ocrx_word' id='word_1_234' title='bbox 416 2394 471 2429; x_wconf 89' lang='lat' dir='ltr'><strong>non</strong></span> <span class='ocrx_word' id='word_1_235' title='bbox 481 2380 588 2430; x_wconf 85' lang='lat' dir='ltr'><strong>Medati</strong></span> <span class='ocrx_word' id='word_1_236' title='bbox 599 2381 682 2432; x_wconf 91' lang='lat' dir='ltr'><strong>modo</strong></span> <span class='ocrx_word' id='word_1_237' title='bbox 693 2380 812 2448; x_wconf 85' lang='lat' dir='ltr'><strong>ignorit,</strong></span> <span class='ocrx_word' id='word_1_238' title='bbox 824 2381 879 2432; x_wconf 89' lang='lat' dir='ltr'><strong>sed</strong></span> 
     </span>
     <span class='ocr_line' id='line_1_34' title="bbox 72 2444 878 2516; baseline 0.002 -20"><span class='ocrx_word' id='word_1_239' title='bbox 72 2460 169 2496; x_wconf 91' lang='lat' dir='ltr'><strong>omnes</strong></span> <span class='ocrx_word' id='word_1_240' title='bbox 189 2452 217 2494; x_wconf 91' lang='lat' dir='ltr'><strong>et</strong></span> <span class='ocrx_word' id='word_1_241' title='bbox 234 2444 345 2496; x_wconf 88' lang='lat' dir='ltr'><strong>deditos</strong></span> <span class='ocrx_word' id='word_1_242' title='bbox 364 2451 392 2496; x_wconf 91' lang='lat' dir='ltr'><strong>et</strong></span> <span class='ocrx_word' id='word_1_243' title='bbox 406 2447 531 2513; x_wconf 87' lang='lat' dir='ltr'><strong>captivos</strong></span> <span class='ocrx_word' id='word_1_244' title='bbox 542 2447 673 2499; x_wconf 88' lang='lat' dir='ltr'><strong>libertate</strong></span> <span class='ocrx_word' id='word_1_245' title='bbox 685 2456 767 2516; x_wconf 86' lang='lat' dir='ltr'><strong>atque</strong></span> <span class='ocrx_word' id='word_1_246' title='bbox 777 2448 878 2498; x_wconf 91' lang='lat' dir='ltr'><strong>immu-</strong></span> 
     </span>
     <span class='ocr_line' id='line_1_35' title="bbox 71 2513 879 2582; baseline 0.002 -18"><span class='ocrx_word' id='word_1_247' title='bbox 71 2513 162 2566; x_wconf 88' lang='lat' dir='ltr'><strong>nitate</strong></span> <span class='ocrx_word' id='word_1_248' title='bbox 172 2513 299 2578; x_wconf 82' lang='lat' dir='ltr'><strong>donavit;</strong></span> <span class='ocrx_word' id='word_1_249' title='bbox 318 2513 414 2565; x_wconf 90' lang='lat' dir='ltr'><strong>urbem</strong></span> <span class='ocrx_word' id='word_1_250' title='bbox 425 2515 539 2581; x_wconf 89' lang='lat' dir='ltr'><strong>reliquit</strong></span> <span class='ocrx_word' id='word_1_251' title='bbox 547 2515 694 2576; x_wconf 79' lang='lat' dir='ltr'><strong>intactam,</strong></span> <span class='ocrx_word' id='word_1_252' title='bbox 715 2529 799 2582; x_wconf 89' lang='lat' dir='ltr'><strong>agros</strong></span> <span class='ocrx_word' id='word_1_253' title='bbox 814 2516 879 2566; x_wconf 88' lang='lat' dir='ltr'><strong>sine</strong></span> 
     </span>
     <span class='ocr_line' id='line_1_36' title="bbox 71 2581 878 2649; baseline 0.004 -18"><span class='ocrx_word' id='word_1_254' title='bbox 71 2581 181 2632; x_wconf 87' lang='lat' dir='ltr'><strong>tributo</strong></span> <span class='ocrx_word' id='word_1_255' title='bbox 199 2581 293 2631; x_wconf 89' lang='lat' dir='ltr'><strong>colere</strong></span> <span class='ocrx_word' id='word_1_256' title='bbox 306 2582 441 2647; x_wconf 87' lang='lat' dir='ltr'><strong>permisit.</strong></span> <span class='ocrx_word' id='word_1_257' title='bbox 478 2583 619 2633; x_wconf 81' lang='lat' dir='ltr'><strong>drictore</strong></span> <span class='ocrx_word' id='word_1_258' title='bbox 630 2581 716 2635; x_wconf 86' lang='lat' dir='ltr'><strong>Dario</strong></span> <span class='ocrx_word' id='word_1_259' title='bbox 729 2583 810 2649; x_wconf 88' lang='lat' dir='ltr'><strong>plura</strong></span> <span class='ocrx_word' id='word_1_260' title='bbox 819 2597 878 2634; x_wconf 83' lang='lat' dir='ltr'><strong>ma-</strong></span> 
     </span>
     <span class='ocr_line' id='line_1_37' title="bbox 70 2649 881 2716; baseline 0.004 -19"><span class='ocrx_word' id='word_1_261' title='bbox 70 2652 116 2698; x_wconf 88' lang='lat' dir='ltr'><strong>ter</strong></span> <span class='ocrx_word' id='word_1_262' title='bbox 135 2663 190 2698; x_wconf 89' lang='lat' dir='ltr'><strong>non</strong></span> <span class='ocrx_word' id='word_1_263' title='bbox 208 2651 394 2714; x_wconf 88' lang='lat' dir='ltr'><strong>impetrasset.</strong></span> <span class='ocrx_word' id='word_1_264' title='bbox 432 2650 472 2701; x_wconf 83' lang='lat' dir='ltr'><strong>ld.</strong></span> <span class='ocrx_word' id='word_1_265' title='bbox 492 2649 627 2700; x_wconf 83' lang='lat' dir='ltr'><strong>Uxiorum</strong></span> <span class='ocrx_word' id='word_1_266' title='bbox 648 2649 748 2702; x_wconf 88' lang='lat' dir='ltr'><strong>deinde</strong></span> <span class='ocrx_word' id='word_1_267' title='bbox 762 2657 881 2716; x_wconf 81' lang='lat' dir='ltr'><strong>gentem</strong></span> 
     </span>
     <span class='ocr_line' id='line_1_38' title="bbox 71 2714 880 2780; baseline 0.005 -16"><span class='ocrx_word' id='word_1_268' title='bbox 71 2715 217 2766; x_wconf 88' lang='lat' dir='ltr'><strong>subactam</strong></span> <span class='ocrx_word' id='word_1_269' title='bbox 229 2714 412 2767; x_wconf 89' lang='lat' dir='ltr'><strong>Susianorum</strong></span> <span class='ocrx_word' id='word_1_270' title='bbox 425 2715 569 2780; x_wconf 81' lang='lat' dir='ltr'><strong>satrapiae</strong></span> <span class='ocrx_word' id='word_1_271' title='bbox 581 2717 744 2769; x_wconf 88' lang='lat' dir='ltr'><strong>contribuit:</strong></span> <span class='ocrx_word' id='word_1_272' title='bbox 766 2717 880 2769; x_wconf 85' lang='lat' dir='ltr'><strong>divisis-</strong></span> 
     </span>
    </p>
   </div>
   <div class='ocr_carea' id='block_1_3' title="bbox 0 0 1028 3034">
    <p class='ocr_par' dir='ltr' id='par_1_4' title="bbox 0 0 1028 3034">
     <span class='ocr_line' id='line_1_39' title="bbox 0 0 1028 3034; baseline 0 0"><span class='ocrx_word' id='word_1_273' title='bbox 0 0 1028 3034; x_wconf 95' lang='lat' dir='ltr'><strong> </strong></span> 
     </span>
    </p>
   </div>
  </div>
 </body>
</html>
