<?xml version="1.0" encoding="UTF-8"?>
<!DOCTYPE html PUBLIC "-//W3C//DTD XHTML 1.0 Transitional//EN"
    "http://www.w3.org/TR/xhtml1/DTD/xhtml1-transitional.dtd">
<html xmlns="http://www.w3.org/1999/xhtml" xml:lang="en" lang="en">
 <head>
  <title>
</title>
<meta http-equiv="Content-Type" content="text/html;charset=utf-8" />
  <meta name='ocr-system' content='tesseract 3.04.00' />
  <meta name='ocr-capabilities' content='ocr_page ocr_carea ocr_par ocr_line ocrx_word'/>
</head>
<body>
  <div class='ocr_page' id='page_1' title='image "./qcurtiirufidere00johagoog_0254.png"; bbox 0 0 2048 3034; ppageno 0'>
   <div class='ocr_carea' id='block_1_1' title="bbox 80 167 662 270">
    <p class='ocr_par' dir='ltr' id='par_1_1' title="bbox 80 167 662 270">
     <span class='ocr_line' id='line_1_1' title="bbox 80 167 662 270; baseline -0.007 -8"><span class='ocrx_word' id='word_1_1' title='bbox 80 211 129 264; x_wconf 75' lang='lat'><strong>242</strong></span> <span class='ocrx_word' id='word_1_2' title='bbox 296 167 662 270; x_wconf 76' lang='lat' dir='ltr'><strong>QUiNu·IGURT11</strong></span> 
     </span>
    </p>
   </div>
   <div class='ocr_carea' id='block_1_2' title="bbox 74 308 892 2811">
    <p class='ocr_par' dir='ltr' id='par_1_2' title="bbox 74 308 892 2811">
     <span class='ocr_line' id='line_1_2' title="bbox 79 308 883 376; baseline -0.002 -15"><span class='ocrx_word' id='word_1_3' title='bbox 79 311 146 362; x_wconf 89' lang='lat' dir='ltr'><strong>Inde</strong></span> <span class='ocrx_word' id='word_1_4' title='bbox 157 308 253 376; x_wconf 81' lang='lat' dir='ltr'><strong>quinto</strong></span> <span class='ocrx_word' id='word_1_5' title='bbox 264 309 309 361; x_wconf 89' lang='lat' dir='ltr'><strong>die</strong></span> <span class='ocrx_word' id='word_1_6' title='bbox 321 311 349 361; x_wconf 91' lang='lat' dir='ltr'><strong>in</strong></span> <span class='ocrx_word' id='word_1_7' title='bbox 360 313 462 362; x_wconf 86' lang='lat' dir='ltr'><strong>stativa</strong></span> <span class='ocrx_word' id='word_1_8' title='bbox 471 311 628 362; x_wconf 85' lang='lat' dir='ltr'><strong>revertitur.</strong></span> <span class='ocrx_word' id='word_1_9' title='bbox 664 311 706 360; x_wconf 92' lang='grc'><strong>22.</strong></span> <span class='ocrx_word' id='word_1_10' title='bbox 717 309 883 360; x_wconf 81' lang='lat' dir='ltr'><strong>Artabazum</strong></span> 
     </span>
     <span class='ocr_line' id='line_1_3' title="bbox 81 371 882 446; baseline -0.002 -18"><span class='ocrx_word' id='word_1_11' title='bbox 81 377 195 438; x_wconf 89' lang='lat' dir='ltr'><strong>deinde,</strong></span> <span class='ocrx_word' id='word_1_12' title='bbox 207 379 349 444; x_wconf 87' lang='lat' dir='ltr'><strong>geminato</strong></span> <span class='ocrx_word' id='word_1_13' title='bbox 361 377 481 440; x_wconf 86' lang='lat' dir='ltr'>honore,</span> <span class='ocrx_word' id='word_1_14' title='bbox 493 393 574 446; x_wconf 88' lang='lat' dir='ltr'><strong>quern</strong></span> <span class='ocrx_word' id='word_1_15' title='bbox 585 371 688 427; x_wconf 80' lang='lat' dir='ltr'><strong>Dariub</strong></span> <span class='ocrx_word' id='word_1_16' title='bbox 699 375 835 428; x_wconf 87' lang='lat' dir='ltr'><strong>habuerat</strong></span> <span class='ocrx_word' id='word_1_17' title='bbox 846 378 882 438; x_wconf 89' lang='lat' dir='ltr'><strong>ei,</strong></span> 
     </span>
     <span class='ocr_line' id='line_1_4' title="bbox 79 445 886 512; baseline -0.002 -16"><span class='ocrx_word' id='word_1_18' title='bbox 79 445 198 496; x_wconf 81' lang='lat' dir='ltr'><strong>remittit</strong></span> <span class='ocrx_word' id='word_1_19' title='bbox 209 445 329 497; x_wconf 91' lang='lat' dir='ltr'><strong>domum.</strong></span> <span class='ocrx_word' id='word_1_20' title='bbox 363 446 421 495; x_wconf 90' lang='lat' dir='ltr'><strong>lam</strong></span> <span class='ocrx_word' id='word_1_21' title='bbox 438 445 472 496; x_wconf 88' lang='lat' dir='ltr'><strong>ad</strong></span> <span class='ocrx_word' id='word_1_22' title='bbox 487 445 582 496; x_wconf 85' lang='lat' dir='ltr'><strong>urbem</strong></span> <span class='ocrx_word' id='word_1_23' title='bbox 595 445 766 512; x_wconf 78' lang='lat' dir='ltr'><strong>Hyrcaniae,</strong></span> <span class='ocrx_word' id='word_1_24' title='bbox 786 445 815 494; x_wconf 92' lang='lat' dir='ltr'><strong>in</strong></span> <span class='ocrx_word' id='word_1_25' title='bbox 830 459 886 511; x_wconf 86' lang='lat' dir='ltr'><strong>qua</strong></span> 
     </span>
     <span class='ocr_line' id='line_1_5' title="bbox 79 510 885 579; baseline 0 -17"><span class='ocrx_word' id='word_1_26' title='bbox 79 513 160 579; x_wconf 86' lang='lat' dir='ltr'><strong>regia</strong></span> <span class='ocrx_word' id='word_1_27' title='bbox 169 510 249 562; x_wconf 87' lang='lat' dir='ltr'><strong>Darii</strong></span> <span class='ocrx_word' id='word_1_28' title='bbox 258 512 325 576; x_wconf 84' lang='lat' dir='ltr'><strong>fuit,</strong></span> <span class='ocrx_word' id='word_1_29' title='bbox 335 520 446 564; x_wconf 86' lang='lat' dir='ltr'><strong>ventum</strong></span> <span class='ocrx_word' id='word_1_30' title='bbox 457 521 525 563; x_wconf 87' lang='lat' dir='ltr'><strong>erat.</strong></span> <span class='ocrx_word' id='word_1_31' title='bbox 560 513 603 563; x_wconf 93' lang='lat' dir='ltr'><strong>lbi</strong></span> <span class='ocrx_word' id='word_1_32' title='bbox 613 511 792 563; x_wconf 79' lang='lat' dir='ltr'>Nabarzanes</span> <span class='ocrx_word' id='word_1_33' title='bbox 805 526 885 562; x_wconf 88' lang='lat' dir='ltr'><strong>acce—</strong></span> 
     </span>
     <span class='ocr_line' id='line_1_6' title="bbox 78 578 888 647; baseline -0.001 -18"><span class='ocrx_word' id='word_1_34' title='bbox 78 585 126 645; x_wconf 83' lang='lat' dir='ltr'><strong>pta</strong></span> <span class='ocrx_word' id='word_1_35' title='bbox 146 579 200 630; x_wconf 86' lang='lat' dir='ltr'><strong>fide</strong></span> <span class='ocrx_word' id='word_1_36' title='bbox 223 583 352 642; x_wconf 91' lang='lat' dir='ltr'><strong>occurrit,</strong></span> <span class='ocrx_word' id='word_1_37' title='bbox 373 580 447 631; x_wconf 90' lang='lat' dir='ltr'><strong>dona</strong></span> <span class='ocrx_word' id='word_1_38' title='bbox 465 581 590 647; x_wconf 86' lang='lat' dir='ltr'><strong>ingentia</strong></span> <span class='ocrx_word' id='word_1_39' title='bbox 608 578 711 631; x_wconf 83' lang='lat' dir='ltr'><strong>ferens.</strong></span> <span class='ocrx_word' id='word_1_40' title='bbox 747 579 788 630; x_wconf 88' lang='grc'><strong>23.</strong></span> <span class='ocrx_word' id='word_1_41' title='bbox 807 579 888 628; x_wconf 86' lang='lat' dir='ltr'><strong>inter</strong></span> 
     </span>
     <span class='ocr_line' id='line_1_7' title="bbox 79 647 885 716; baseline -0.002 -18"><span class='ocrx_word' id='word_1_42' title='bbox 79 662 149 713; x_wconf 89' lang='lat' dir='ltr'><strong>quae</strong></span> <span class='ocrx_word' id='word_1_43' title='bbox 159 648 272 715; x_wconf 78' lang='lat' dir='ltr'>Bagoas</span> <span class='ocrx_word' id='word_1_44' title='bbox 287 655 355 710; x_wconf 87' lang='lat' dir='ltr'><strong>erat,</strong></span> <span class='ocrx_word' id='word_1_45' title='bbox 375 649 470 716; x_wconf 84' lang='lat' dir='ltr'><strong>specie</strong></span> <span class='ocrx_word' id='word_1_46' title='bbox 485 647 623 714; x_wconf 77' lang='lat' dir='ltr'><strong>singulari</strong></span> <span class='ocrx_word' id='word_1_47' title='bbox 638 647 736 714; x_wconf 83' lang='lat' dir='ltr'><strong>spado,</strong></span> <span class='ocrx_word' id='word_1_48' title='bbox 754 653 838 714; x_wconf 90' lang='lat' dir='ltr'><strong>atque</strong></span> <span class='ocrx_word' id='word_1_49' title='bbox 854 649 885 696; x_wconf 89' lang='lat' dir='ltr'><strong>in</strong></span> 
     </span>
     <span class='ocr_line' id='line_1_8' title="bbox 77 713 887 782; baseline -0.001 -17"><span class='ocrx_word' id='word_1_50' title='bbox 77 716 139 782; x_wconf 84' lang='lat' dir='ltr'><strong>ipso</strong></span> <span class='ocrx_word' id='word_1_51' title='bbox 152 713 222 766; x_wconf 86' lang='lat' dir='ltr'><strong>flore</strong></span> <span class='ocrx_word' id='word_1_52' title='bbox 233 717 381 782; x_wconf 73' lang='lat' dir='ltr'><strong>pueritiae,</strong></span> <span class='ocrx_word' id='word_1_53' title='bbox 393 717 438 766; x_wconf 88' lang='lat' dir='ltr'><strong>cui</strong></span> <span class='ocrx_word' id='word_1_54' title='bbox 448 722 477 766; x_wconf 88' lang='lat' dir='ltr'><strong>et</strong></span> <span class='ocrx_word' id='word_1_55' title='bbox 487 715 590 766; x_wconf 88' lang='lat' dir='ltr'><strong>Darius</strong></span> <span class='ocrx_word' id='word_1_56' title='bbox 600 714 693 766; x_wconf 82' lang='lat' dir='ltr'><strong>fuerat</strong></span> <span class='ocrx_word' id='word_1_57' title='bbox 704 713 848 774; x_wconf 88' lang='lat' dir='ltr'><strong>adsuetus,</strong></span> <span class='ocrx_word' id='word_1_58' title='bbox 856 720 887 764; x_wconf 87' lang='lat' dir='ltr'><strong>et</strong></span> 
     </span>
     <span class='ocr_line' id='line_1_9' title="bbox 76 782 885 848; baseline 0 -16"><span class='ocrx_word' id='word_1_59' title='bbox 76 797 143 837; x_wconf 82' lang='lat' dir='ltr'><strong>mcx</strong></span> <span class='ocrx_word' id='word_1_60' title='bbox 158 784 314 834; x_wconf 81' lang='lat' dir='ltr'><strong>Alexander</strong></span> <span class='ocrx_word' id='word_1_61' title='bbox 329 785 469 835; x_wconf 84' lang='lat' dir='ltr'><strong>adsuerit:</strong></span> <span class='ocrx_word' id='word_1_62' title='bbox 490 784 550 834; x_wconf 88' lang='lat' dir='ltr'><strong>eius</strong></span> <span class='ocrx_word' id='word_1_63' title='bbox 571 797 605 833; x_wconf 91' lang='lat' dir='ltr'><strong>ue</strong></span> <span class='ocrx_word' id='word_1_64' title='bbox 619 783 738 834; x_wconf 87' lang='lat' dir='ltr'><strong>maxime</strong></span> <span class='ocrx_word' id='word_1_65' title='bbox 752 782 885 848; x_wconf 78' lang='lat' dir='ltr'><strong>precibus</strong></span> 
     </span>
     <span class='ocr_line' id='line_1_10' title="bbox 77 798 885 919; baseline -0.005 -17"><span class='ocrx_word' id='word_1_66' title='bbox 77 858 170 902; x_wconf 86' lang='lat' dir='ltr'><strong>motus</strong></span> <span class='ocrx_word' id='word_1_67' title='bbox 180 851 338 903; x_wconf 80' lang='lat' dir='ltr'><strong>Nabarzani</strong></span> <span class='ocrx_word' id='word_1_68' title='bbox 347 852 465 919; x_wconf 88' lang='lat' dir='ltr'><strong>ignovit.</strong></span> <span class='ocrx_word' id='word_1_69' title='bbox 502 852 543 901; x_wconf 78' lang='grc'><strong>24.</strong></span> <span class='ocrx_word' id='word_1_70' title='bbox 553 798 631 913; x_wconf 52' lang='lat' dir='ltr'><strong>hiat,</strong></span> <span class='ocrx_word' id='word_1_71' title='bbox 642 856 673 901; x_wconf 90' lang='lat' dir='ltr'><strong>ut</strong></span> <span class='ocrx_word' id='word_1_72' title='bbox 683 849 885 916; x_wconf 83' lang='lat' dir='ltr'><strong>supradictum</strong></span> 
     </span>
     <span class='ocr_line' id='line_1_11' title="bbox 79 914 885 987; baseline -0.006 -17"><span class='ocrx_word' id='word_1_73' title='bbox 79 925 131 982; x_wconf 89' lang='lat' dir='ltr'><strong>est,</strong></span> <span class='ocrx_word' id='word_1_74' title='bbox 141 919 303 986; x_wconf 80' lang='lat' dir='ltr'><strong>Hyrcaniae</strong></span> <span class='ocrx_word' id='word_1_75' title='bbox 314 920 431 970; x_wconf 86' lang='lat' dir='ltr'><strong>finitima</strong></span> <span class='ocrx_word' id='word_1_76' title='bbox 440 933 509 987; x_wconf 87' lang='lat' dir='ltr'><strong>gens</strong></span> <span class='ocrx_word' id='word_1_77' title='bbox 519 921 698 979; x_wconf 82' lang='lat' dir='ltr'><strong>Amazonum,</strong></span> <span class='ocrx_word' id='word_1_78' title='bbox 710 919 785 966; x_wconf 87' lang='lat' dir='ltr'><strong>circa</strong></span> <span class='ocrx_word' id='word_1_79' title='bbox 795 914 885 967; x_wconf 87' lang='lat' dir='ltr'><strong>Ther-</strong></span> 
     </span>
     <span class='ocr_line' id='line_1_12' title="bbox 78 985 885 1053; baseline -0.006 -15"><span class='ocrx_word' id='word_1_80' title='bbox 78 987 232 1045; x_wconf 88' lang='lat' dir='ltr'><strong>modoonta</strong></span> <span class='ocrx_word' id='word_1_81' title='bbox 251 1001 367 1050; x_wconf 83' lang='lat' dir='ltr'><strong>amnem,</strong></span> <span class='ocrx_word' id='word_1_82' title='bbox 389 985 590 1053; x_wconf 82' lang='lat' dir='ltr'><strong>Themiscyrae</strong></span> <span class='ocrx_word' id='word_1_83' title='bbox 608 985 791 1037; x_wconf 86' lang='lat' dir='ltr'><strong>incolentium</strong></span> <span class='ocrx_word' id='word_1_84' title='bbox 811 999 885 1052; x_wconf 87' lang='lat' dir='ltr'><strong>eam-</strong></span> 
     </span>
     <span class='ocr_line' id='line_1_13' title="bbox 77 1051 887 1122; baseline -0.006 -17"><span class='ocrx_word' id='word_1_85' title='bbox 77 1070 139 1122; x_wconf 79' lang='lat' dir='ltr'><strong>pos.</strong></span> <span class='ocrx_word' id='word_1_86' title='bbox 175 1055 216 1104; x_wconf 85' lang='grc'><strong>25.</strong></span> <span class='ocrx_word' id='word_1_87' title='bbox 236 1055 372 1121; x_wconf 84' lang='lat' dir='ltr'><strong>Reginam</strong></span> <span class='ocrx_word' id='word_1_88' title='bbox 391 1052 532 1105; x_wconf 88' lang='lat' dir='ltr'><strong>habebant</strong></span> <span class='ocrx_word' id='word_1_89' title='bbox 549 1052 732 1113; x_wconf 74' lang='lat' dir='ltr'><strong>l&#39;halestrim,</strong></span> <span class='ocrx_word' id='word_1_90' title='bbox 754 1051 887 1102; x_wconf 90' lang='lat' dir='ltr'><strong>omnibus</strong></span> 
     </span>
     <span class='ocr_line' id='line_1_14' title="bbox 75 1119 887 1185; baseline -0.005 -11"><span class='ocrx_word' id='word_1_91' title='bbox 75 1123 151 1174; x_wconf 86' lang='lat' dir='ltr'><strong>inter</strong></span> <span class='ocrx_word' id='word_1_92' title='bbox 165 1122 318 1173; x_wconf 79' lang='lat' dir='ltr'><strong>Caucasum</strong></span> <span class='ocrx_word' id='word_1_93' title='bbox 336 1128 460 1173; x_wconf 87' lang='lat' dir='ltr'><strong>montem</strong></span> <span class='ocrx_word' id='word_1_94' title='bbox 479 1128 508 1172; x_wconf 88' lang='lat' dir='ltr'><strong>et</strong></span> <span class='ocrx_word' id='word_1_95' title='bbox 522 1119 626 1171; x_wconf 88' lang='lat' dir='ltr'><strong>Phasin</strong></span> <span class='ocrx_word' id='word_1_96' title='bbox 645 1135 753 1170; x_wconf 87' lang='lat' dir='ltr'><strong>amnem</strong></span> <span class='ocrx_word' id='word_1_97' title='bbox 772 1120 887 1185; x_wconf 76' lang='lat' dir='ltr'><strong>imperi·</strong></span> 
     </span>
     <span class='ocr_line' id='line_1_15' title="bbox 77 1187 887 1254; baseline -0.007 -13"><span class='ocrx_word' id='word_1_98' title='bbox 77 1196 191 1242; x_wconf 86' lang='lat' dir='ltr'><strong>tantem.</strong></span> <span class='ocrx_word' id='word_1_99' title='bbox 227 1189 314 1250; x_wconf 86' lang='lat' dir='ltr'><strong>Haec,</strong></span> <span class='ocrx_word' id='word_1_100' title='bbox 337 1189 465 1254; x_wconf 83' lang='lat' dir='ltr'><strong>cupidine</strong></span> <span class='ocrx_word' id='word_1_101' title='bbox 476 1189 585 1239; x_wconf 84' lang='lat' dir='ltr'><strong>visendi</strong></span> <span class='ocrx_word' id='word_1_102' title='bbox 595 1189 671 1254; x_wconf 87' lang='lat' dir='ltr'><strong>regis</strong></span> <span class='ocrx_word' id='word_1_103' title='bbox 682 1203 810 1249; x_wconf 88' lang='lat' dir='ltr'><strong>accensa,</strong></span> <span class='ocrx_word' id='word_1_104' title='bbox 824 1187 887 1236; x_wconf 82' lang='lat' dir='ltr'><strong>tini·</strong></span> 
     </span>
     <span class='ocr_line' id='line_1_16' title="bbox 76 1254 889 1324; baseline -0.005 -16"><span class='ocrx_word' id='word_1_105' title='bbox 76 1257 129 1308; x_wconf 89' lang='lat' dir='ltr'><strong>bus</strong></span> <span class='ocrx_word' id='word_1_106' title='bbox 139 1256 219 1321; x_wconf 87' lang='lat' dir='ltr'><strong>regni</strong></span> <span class='ocrx_word' id='word_1_107' title='bbox 230 1256 274 1305; x_wconf 91' lang='lat' dir='ltr'><strong>sui</strong></span> <span class='ocrx_word' id='word_1_108' title='bbox 285 1257 416 1318; x_wconf 86' lang='lat' dir='ltr'><strong>excessit,</strong></span> <span class='ocrx_word' id='word_1_109' title='bbox 427 1264 463 1318; x_wconf 86' lang='lat' dir='ltr'><strong>et,</strong></span> <span class='ocrx_word' id='word_1_110' title='bbox 475 1271 558 1324; x_wconf 92' lang='lat' dir='ltr'><strong>quum</strong></span> <span class='ocrx_word' id='word_1_111' title='bbox 568 1254 642 1307; x_wconf 89' lang='lat' dir='ltr'><strong>haud</strong></span> <span class='ocrx_word' id='word_1_112' title='bbox 652 1256 752 1323; x_wconf 89' lang='lat' dir='ltr'><strong>procul</strong></span> <span class='ocrx_word' id='word_1_113' title='bbox 761 1254 889 1316; x_wconf 88' lang='lat' dir='ltr'><strong>abesset,</strong></span> 
     </span>
     <span class='ocr_line' id='line_1_17' title="bbox 77 1322 886 1392; baseline -0.001 -19"><span class='ocrx_word' id='word_1_114' title='bbox 77 1323 222 1392; x_wconf 86' lang='lat' dir='ltr'><strong>praemisit</strong></span> <span class='ocrx_word' id='word_1_115' title='bbox 236 1323 402 1385; x_wconf 80' lang='lat' dir='ltr'><strong>indicantes,</strong></span> <span class='ocrx_word' id='word_1_116' title='bbox 422 1325 533 1375; x_wconf 80' lang='lat' dir='ltr'><strong>venisse</strong></span> <span class='ocrx_word' id='word_1_117' title='bbox 549 1324 675 1390; x_wconf 86' lang='lat' dir='ltr'><strong>reginam</strong></span> <span class='ocrx_word' id='word_1_118' title='bbox 689 1322 811 1374; x_wconf 85' lang='lat' dir='ltr'><strong>adeundi</strong></span> <span class='ocrx_word' id='word_1_119' title='bbox 822 1323 886 1372; x_wconf 88' lang='lat' dir='ltr'><strong>eius</strong></span> 
     </span>
     <span class='ocr_line' id='line_1_18' title="bbox 78 1389 888 1458; baseline -0.002 -16"><span class='ocrx_word' id='word_1_120' title='bbox 78 1389 322 1458; x_wconf 86' lang='lat' dir='ltr'><strong>cognoscendique</strong></span> <span class='ocrx_word' id='word_1_121' title='bbox 343 1391 459 1442; x_wconf 87' lang='lat' dir='ltr'><strong>avidam.</strong></span> <span class='ocrx_word' id='word_1_122' title='bbox 496 1389 537 1442; x_wconf 88' lang='grc'><strong>26.</strong></span> <span class='ocrx_word' id='word_1_123' title='bbox 556 1392 689 1442; x_wconf 87' lang='lat' dir='ltr'><strong>Protinus</strong></span> <span class='ocrx_word' id='word_1_124' title='bbox 711 1390 787 1440; x_wconf 84' lang='lat' dir='ltr'><strong>sacta</strong></span> <span class='ocrx_word' id='word_1_125' title='bbox 805 1397 888 1456; x_wconf 82' lang='lat' dir='ltr'><strong>pote·</strong></span> 
     </span>
     <span class='ocr_line' id='line_1_19' title="bbox 77 1457 892 1522; baseline -0.005 -12"><span class='ocrx_word' id='word_1_126' title='bbox 77 1464 150 1510; x_wconf 86' lang='lat' dir='ltr'><strong>state</strong></span> <span class='ocrx_word' id='word_1_127' title='bbox 164 1458 303 1522; x_wconf 87' lang='lat' dir='ltr'><strong>veniendi,</strong></span> <span class='ocrx_word' id='word_1_128' title='bbox 323 1461 426 1512; x_wconf 85' lang='lat' dir='ltr'><strong>ceteris</strong></span> <span class='ocrx_word' id='word_1_129' title='bbox 440 1459 525 1511; x_wconf 85' lang='lat' dir='ltr'><strong>iussis</strong></span> <span class='ocrx_word' id='word_1_130' title='bbox 539 1459 702 1520; x_wconf 86' lang='lat' dir='ltr'><strong>subsistere,</strong></span> <span class='ocrx_word' id='word_1_131' title='bbox 724 1457 791 1508; x_wconf 81' lang='lat' dir='ltr'><strong>CCC</strong></span> <span class='ocrx_word' id='word_1_132' title='bbox 804 1457 892 1508; x_wconf 78' lang='lat' dir='ltr'><strong>femi-¹</strong></span> 
     </span>
     <span class='ocr_line' id='line_1_20' title="bbox 77 1526 886 1595; baseline 0 -19"><span class='ocrx_word' id='word_1_133' title='bbox 77 1540 172 1576; x_wconf 90' lang='lat' dir='ltr'><strong>narum</strong></span> <span class='ocrx_word' id='word_1_134' title='bbox 189 1527 323 1579; x_wconf 90' lang='lat' dir='ltr'><strong>comitatu</strong></span> <span class='ocrx_word' id='word_1_135' title='bbox 335 1530 483 1595; x_wconf 85' lang='lat' dir='ltr'><strong>processit.</strong></span> <span class='ocrx_word' id='word_1_136' title='bbox 520 1529 609 1593; x_wconf 83' lang='lat' dir='ltr'><strong>Atque</strong></span> <span class='ocrx_word' id='word_1_137' title='bbox 623 1533 655 1576; x_wconf 95' lang='lat' dir='ltr'><strong>ut</strong></span> <span class='ocrx_word' id='word_1_138' title='bbox 663 1527 781 1593; x_wconf 83' lang='lat' dir='ltr'><strong>primum</strong></span> <span class='ocrx_word' id='word_1_139' title='bbox 793 1541 846 1576; x_wconf 81' lang='lat' dir='ltr'><strong>rex</strong></span> <span class='ocrx_word' id='word_1_140' title='bbox 855 1526 886 1576; x_wconf 86' lang='lat' dir='ltr'><strong>iu</strong></span> 
     </span>
     <span class='ocr_line' id='line_1_21' title="bbox 77 1593 885 1663; baseline -0.002 -19"><span class='ocrx_word' id='word_1_141' title='bbox 77 1600 229 1660; x_wconf 86' lang='lat' dir='ltr'><strong>conspectu</strong></span> <span class='ocrx_word' id='word_1_142' title='bbox 239 1593 302 1658; x_wconf 80' lang='lat' dir='ltr'><strong>fuit,</strong></span> <span class='ocrx_word' id='word_1_143' title='bbox 323 1597 416 1663; x_wconf 87' lang='lat' dir='ltr'><strong>equoi</strong></span> <span class='ocrx_word' id='word_1_144' title='bbox 436 1611 468 1646; x_wconf 89' lang='lat' dir='ltr'><strong>sa</strong></span> <span class='ocrx_word' id='word_1_145' title='bbox 477 1595 593 1656; x_wconf 88' lang='lat' dir='ltr'><strong>desiliit,</strong></span> <span class='ocrx_word' id='word_1_146' title='bbox 613 1595 681 1644; x_wconf 90' lang='lat' dir='ltr'><strong>duas</strong></span> <span class='ocrx_word' id='word_1_147' title='bbox 692 1593 806 1644; x_wconf 81' lang='lat' dir='ltr'><strong>lanceas</strong></span> <span class='ocrx_word' id='word_1_148' title='bbox 817 1593 885 1643; x_wconf 86' lang='lat' dir='ltr'><strong>dex-</strong></span> 
     </span>
     <span class='ocr_line' id='line_1_22' title="bbox 76 1661 887 1729; baseline -0.005 -16"><span class='ocrx_word' id='word_1_149' title='bbox 76 1670 120 1713; x_wconf 87' lang='lat' dir='ltr'><strong>tra</strong></span> <span class='ocrx_word' id='word_1_150' title='bbox 128 1661 300 1729; x_wconf 80' lang='lat' dir='ltr'><strong>praeferens.</strong></span> <span class='ocrx_word' id='word_1_151' title='bbox 336 1665 378 1715; x_wconf 82' lang='lat'><strong>2⁷.</strong></span> <span class='ocrx_word' id='word_1_152' title='bbox 423 1664 492 1715; x_wconf 87' lang='lat' dir='ltr'><strong>estis</strong></span> <span class='ocrx_word' id='word_1_153' title='bbox 501 1677 558 1714; x_wconf 87' lang='lat' dir='ltr'><strong>non</strong></span> <span class='ocrx_word' id='word_1_154' title='bbox 567 1667 628 1713; x_wconf 88' lang='lat' dir='ltr'><strong>toto</strong></span> <span class='ocrx_word' id='word_1_155' title='bbox 638 1663 811 1712; x_wconf 82' lang='lat' dir='ltr'><strong>Anrazonum</strong></span> <span class='ocrx_word' id='word_1_156' title='bbox 821 1675 887 1710; x_wconf 90' lang='lat' dir='ltr'><strong>cor-</strong></span> 
     </span>
     <span class='ocr_line' id='line_1_23' title="bbox 76 1729 886 1796; baseline -0.001 -17"><span class='ocrx_word' id='word_1_157' title='bbox 76 1745 144 1796; x_wconf 90' lang='lat' dir='ltr'><strong>pore</strong></span> <span class='ocrx_word' id='word_1_158' title='bbox 160 1731 320 1784; x_wconf 87' lang='lat' dir='ltr'><strong>obducitur:</strong></span> <span class='ocrx_word' id='word_1_159' title='bbox 340 1747 403 1782; x_wconf 89' lang='lat' dir='ltr'><strong>nam</strong></span> <span class='ocrx_word' id='word_1_160' title='bbox 417 1732 498 1783; x_wconf 88' lang='lat' dir='ltr'><strong>laeva</strong></span> <span class='ocrx_word' id='word_1_161' title='bbox 511 1745 576 1796; x_wconf 87' lang='lat' dir='ltr'><strong>pars</strong></span> <span class='ocrx_word' id='word_1_162' title='bbox 588 1729 623 1779; x_wconf 89' lang='lat' dir='ltr'><strong>ad</strong></span> <span class='ocrx_word' id='word_1_163' title='bbox 632 1735 731 1796; x_wconf 87' lang='lat' dir='ltr'><strong>pectus</strong></span> <span class='ocrx_word' id='word_1_164' title='bbox 741 1736 786 1780; x_wconf 87' lang='lat' dir='ltr'><strong>est</strong></span> <span class='ocrx_word' id='word_1_165' title='bbox 795 1729 886 1792; x_wconf 87' lang='lat' dir='ltr'><strong>nuda;</strong></span> 
     </span>
     <span class='ocr_line' id='line_1_24' title="bbox 76 1797 886 1858; baseline -0.002 -11"><span class='ocrx_word' id='word_1_166' title='bbox 76 1803 171 1848; x_wconf 89' lang='lat' dir='ltr'><strong>cetera</strong></span> <span class='ocrx_word' id='word_1_167' title='bbox 191 1799 292 1852; x_wconf 87' lang='lat' dir='ltr'><strong>deinde</strong></span> <span class='ocrx_word' id='word_1_168' title='bbox 310 1799 447 1852; x_wconf 81' lang='lat' dir='ltr'><strong>velantur.</strong></span> <span class='ocrx_word' id='word_1_169' title='bbox 491 1797 551 1850; x_wconf 85' lang='lat' dir='ltr'><strong>Nec</strong></span> <span class='ocrx_word' id='word_1_170' title='bbox 573 1803 666 1848; x_wconf 90' lang='lat' dir='ltr'><strong>tamen</strong></span> <span class='ocrx_word' id='word_1_171' title='bbox 686 1797 763 1847; x_wconf 90' lang='lat' dir='ltr'><strong>sinus</strong></span> <span class='ocrx_word' id='word_1_172' title='bbox 784 1797 886 1858; x_wconf 83' lang='lat' dir='ltr'><strong>restis,</strong></span> 
     </span>
     <span class='ocr_line' id='line_1_25' title="bbox 77 1862 886 1935; baseline -0.004 -19"><span class='ocrx_word' id='word_1_173' title='bbox 77 1881 158 1932; x_wconf 87' lang='lat' dir='ltr'><strong>quem</strong></span> <span class='ocrx_word' id='word_1_174' title='bbox 169 1868 244 1918; x_wconf 92' lang='lat' dir='ltr'><strong>nodo</strong></span> <span class='ocrx_word' id='word_1_175' title='bbox 256 1869 403 1935; x_wconf 91' lang='lat' dir='ltr'><strong>colligunt,</strong></span> <span class='ocrx_word' id='word_1_176' title='bbox 413 1865 487 1918; x_wconf 82' lang='lat' dir='ltr'><strong>infra</strong></span> <span class='ocrx_word' id='word_1_177' title='bbox 496 1880 588 1932; x_wconf 86' lang='lat' dir='ltr'><strong>genua</strong></span> <span class='ocrx_word' id='word_1_178' title='bbox 597 1864 752 1915; x_wconf 86' lang='lat' dir='ltr'><strong>descendit.</strong></span> <span class='ocrx_word' id='word_1_179' title='bbox 781 1865 823 1914; x_wconf 85' lang='grc'><strong>28.</strong></span> <span class='ocrx_word' id='word_1_180' title='bbox 835 1862 886 1913; x_wconf 82' lang='lat' dir='ltr'><strong>Al-</strong></span> 
     </span>
     <span class='ocr_line' id='line_1_26' title="bbox 75 1930 887 2000; baseline -0.002 -18"><span class='ocrx_word' id='word_1_181' title='bbox 75 1937 137 1982; x_wconf 83' lang='lat' dir='ltr'><strong>tera</strong></span> <span class='ocrx_word' id='word_1_182' title='bbox 148 1948 184 2000; x_wconf 84' lang='lat' dir='ltr'><strong>pa</strong></span> <span class='ocrx_word' id='word_1_183' title='bbox 203 1935 252 1986; x_wconf 89' lang='lat' dir='ltr'><strong>illa</strong></span> <span class='ocrx_word' id='word_1_184' title='bbox 261 1935 367 1986; x_wconf 89' lang='lat' dir='ltr'><strong>intacta</strong></span> <span class='ocrx_word' id='word_1_185' title='bbox 377 1939 512 1994; x_wconf 82' lang='lat' dir='ltr'><strong>servatur,</strong></span> <span class='ocrx_word' id='word_1_186' title='bbox 533 1949 588 2000; x_wconf 88' lang='lat' dir='ltr'><strong>qua</strong></span> <span class='ocrx_word' id='word_1_187' title='bbox 598 1931 743 1983; x_wconf 86' lang='lat' dir='ltr'><strong>muliebris</strong></span> <span class='ocrx_word' id='word_1_188' title='bbox 755 1945 841 1982; x_wconf 83' lang='lat' dir='ltr'><strong>sexus</strong></span> <span class='ocrx_word' id='word_1_189' title='bbox 850 1930 887 1980; x_wconf 90' lang='lat' dir='ltr'><strong>li-</strong></span> 
     </span>
     <span class='ocr_line' id='line_1_27' title="bbox 74 1949 886 2063; baseline -0.004 -12"><span class='ocrx_word' id='word_1_190' title='bbox 74 1999 159 2052; x_wconf 86' lang='lat' dir='ltr'><strong>beros</strong></span> <span class='ocrx_word' id='word_1_191' title='bbox 170 1949 257 2063; x_wconf 49' lang='lat' dir='ltr'><strong>ahana</strong></span> <span class='ocrx_word' id='word_1_192' title='bbox 277 2001 525 2062; x_wconf 83' lang='lat' dir='ltr'><strong>aduriturdextra‚</strong></span> <span class='ocrx_word' id='word_1_193' title='bbox 538 2007 569 2052; x_wconf 88' lang='lat' dir='ltr'><strong>ut</strong></span> <span class='ocrx_word' id='word_1_194' title='bbox 579 2015 660 2051; x_wconf 88' lang='lat' dir='ltr'><strong>arcus</strong></span> <span class='ocrx_word' id='word_1_195' title='bbox 670 1998 782 2050; x_wconf 83' lang='lat' dir='ltr'><strong>facilius</strong></span> <span class='ocrx_word' id='word_1_196' title='bbox 793 2000 886 2049; x_wconf 89' lang='lat' dir='ltr'><strong>inten-</strong></span> 
     </span>
     <span class='ocr_line' id='line_1_28' title="bbox 76 2065 886 2134; baseline -0.002 -16"><span class='ocrx_word' id='word_1_197' title='bbox 76 2067 150 2130; x_wconf 88' lang='lat' dir='ltr'><strong>dant,</strong></span> <span class='ocrx_word' id='word_1_198' title='bbox 164 2076 194 2119; x_wconf 86' lang='lat' dir='ltr'><strong>et</strong></span> <span class='ocrx_word' id='word_1_199' title='bbox 201 2069 259 2120; x_wconf 90' lang='lat' dir='ltr'><strong>tela</strong></span> <span class='ocrx_word' id='word_1_200' title='bbox 269 2069 385 2118; x_wconf 91' lang='lat' dir='ltr'><strong>vibrent.</strong></span> <span class='ocrx_word' id='word_1_201' title='bbox 422 2066 463 2118; x_wconf 82' lang='lat'><strong>29.</strong></span> <span class='ocrx_word' id='word_1_202' title='bbox 476 2067 606 2119; x_wconf 85' lang='lat' dir='ltr'><strong>interrito</strong></span> <span class='ocrx_word' id='word_1_203' title='bbox 617 2067 695 2118; x_wconf 90' lang='lat' dir='ltr'><strong>vultu</strong></span> <span class='ocrx_word' id='word_1_204' title='bbox 705 2082 802 2134; x_wconf 84' lang='lat' dir='ltr'><strong>regem</strong></span> <span class='ocrx_word' id='word_1_205' title='bbox 810 2065 886 2117; x_wconf 88' lang='lat' dir='ltr'><strong>Tha·</strong></span> 
     </span>
     <span class='ocr_line' id='line_1_29' title="bbox 74 2132 886 2202; baseline -0.001 -18"><span class='ocrx_word' id='word_1_206' title='bbox 74 2135 169 2188; x_wconf 89' lang='lat' dir='ltr'><strong>lestris</strong></span> <span class='ocrx_word' id='word_1_207' title='bbox 179 2136 347 2196; x_wconf 87' lang='lat' dir='ltr'><strong>intuebatur,</strong></span> <span class='ocrx_word' id='word_1_208' title='bbox 355 2132 478 2185; x_wconf 87' lang='lat' dir='ltr'><strong>habitum</strong></span> <span class='ocrx_word' id='word_1_209' title='bbox 489 2136 558 2198; x_wconf 85' lang='lat' dir='ltr'><strong>eius,</strong></span> <span class='ocrx_word' id='word_1_210' title='bbox 565 2133 777 2202; x_wconf 88' lang='lat' dir='ltr'><strong>haudquaquam</strong></span> <span class='ocrx_word' id='word_1_211' title='bbox 789 2149 886 2184; x_wconf 87' lang='lat' dir='ltr'><strong>rerum</strong></span> 
     </span>
     <span class='ocr_line' id='line_1_30' title="bbox 75 2201 886 2271; baseline 0 -19"><span class='ocrx_word' id='word_1_212' title='bbox 75 2202 166 2252; x_wconf 85' lang='lat' dir='ltr'><strong>famae</strong></span> <span class='ocrx_word' id='word_1_213' title='bbox 186 2217 290 2269; x_wconf 86' lang='lat' dir='ltr'><strong>parem,</strong></span> <span class='ocrx_word' id='word_1_214' title='bbox 311 2201 596 2268; x_wconf 84' lang='lat' dir='ltr'><strong>oculisperlustrans.</strong></span> <span class='ocrx_word' id='word_1_215' title='bbox 633 2203 742 2271; x_wconf 70' lang='lat' dir='ltr'><strong>Quippe</strong></span> <span class='ocrx_word' id='word_1_216' title='bbox 754 2201 886 2252; x_wconf 90' lang='lat' dir='ltr'><strong>omnibus</strong></span> 
     </span>
     <span class='ocr_line' id='line_1_31' title="bbox 74 2269 886 2335; baseline -0.001 -15"><span class='ocrx_word' id='word_1_217' title='bbox 74 2269 202 2320; x_wconf 89' lang='lat' dir='ltr'><strong>barbaris</strong></span> <span class='ocrx_word' id='word_1_218' title='bbox 215 2273 244 2320; x_wconf 91' lang='lat' dir='ltr'><strong>in</strong></span> <span class='ocrx_word' id='word_1_219' title='bbox 258 2283 405 2335; x_wconf 82' lang='lat' dir='ltr'><strong>corporum</strong></span> <span class='ocrx_word' id='word_1_220' title='bbox 421 2271 567 2322; x_wconf 87' lang='lat' dir='ltr'><strong>maiestate</strong></span> <span class='ocrx_word' id='word_1_221' title='bbox 585 2273 728 2322; x_wconf 86' lang='lat' dir='ltr'><strong>veneratio</strong></span> <span class='ocrx_word' id='word_1_222' title='bbox 749 2277 806 2332; x_wconf 80' lang='lat' dir='ltr'><strong>est3</strong></span> <span class='ocrx_word' id='word_1_223' title='bbox 826 2285 886 2320; x_wconf 89' lang='lat' dir='ltr'><strong>ma-</strong></span> 
     </span>
     <span class='ocr_line' id='line_1_32' title="bbox 75 2337 887 2406; baseline 0.002 -21"><span class='ocrx_word' id='word_1_224' title='bbox 75 2351 247 2404; x_wconf 84' lang='lat' dir='ltr'><strong>gnorumque</strong></span> <span class='ocrx_word' id='word_1_225' title='bbox 259 2351 373 2403; x_wconf 89' lang='lat' dir='ltr'><strong>operum</strong></span> <span class='ocrx_word' id='word_1_226' title='bbox 384 2354 439 2389; x_wconf 92' lang='lat' dir='ltr'><strong>non</strong></span> <span class='ocrx_word' id='word_1_227' title='bbox 450 2337 521 2389; x_wconf 90' lang='lat' dir='ltr'><strong>alios</strong></span> <span class='ocrx_word' id='word_1_228' title='bbox 537 2353 653 2405; x_wconf 86' lang='lat' dir='ltr'><strong>capaces</strong></span> <span class='ocrx_word' id='word_1_229' title='bbox 669 2344 780 2405; x_wconf 87' lang='lat' dir='ltr'><strong>putant,</strong></span> <span class='ocrx_word' id='word_1_230' title='bbox 800 2353 887 2406; x_wconf 88' lang='lat' dir='ltr'><strong>quam</strong></span> 
     </span>
     <span class='ocr_line' id='line_1_33' title="bbox 76 2405 887 2473; baseline 0.004 -20"><span class='ocrx_word' id='word_1_231' title='bbox 76 2419 146 2470; x_wconf 84' lang='lat' dir='ltr'><strong>quos</strong></span> <span class='ocrx_word' id='word_1_232' title='bbox 160 2405 262 2457; x_wconf 87' lang='lat' dir='ltr'><strong>eximia</strong></span> <span class='ocrx_word' id='word_1_233' title='bbox 278 2406 372 2472; x_wconf 87' lang='lat' dir='ltr'><strong>specie</strong></span> <span class='ocrx_word' id='word_1_234' title='bbox 387 2407 491 2458; x_wconf 87' lang='lat' dir='ltr'><strong>donare</strong></span> <span class='ocrx_word' id='word_1_235' title='bbox 506 2413 604 2456; x_wconf 87' lang='lat' dir='ltr'><strong>natura</strong></span> <span class='ocrx_word' id='word_1_236' title='bbox 617 2407 732 2473; x_wconf 88' lang='lat' dir='ltr'><strong>dignata</strong></span> <span class='ocrx_word' id='word_1_237' title='bbox 752 2410 805 2457; x_wconf 89' lang='lat' dir='ltr'><strong>est.</strong></span> <span class='ocrx_word' id='word_1_238' title='bbox 843 2405 887 2456; x_wconf 78' lang='lat'><strong>3⁰.</strong></span> 
     </span>
     <span class='ocr_line' id='line_1_34' title="bbox 76 2471 889 2541; baseline 0.001 -18"><span class='ocrx_word' id='word_1_239' title='bbox 76 2474 206 2523; x_wconf 83' lang='lat' dir='ltr'><strong>Ceterum</strong></span> <span class='ocrx_word' id='word_1_240' title='bbox 216 2475 399 2541; x_wconf 86' lang='lat' dir='ltr'><strong>interrogata,</strong></span> <span class='ocrx_word' id='word_1_241' title='bbox 407 2490 470 2525; x_wconf 93' lang='lat' dir='ltr'><strong>num</strong></span> <span class='ocrx_word' id='word_1_242' title='bbox 481 2473 587 2540; x_wconf 88' lang='lat' dir='ltr'><strong>aliquid</strong></span> <span class='ocrx_word' id='word_1_243' title='bbox 597 2481 692 2539; x_wconf 85' lang='lat' dir='ltr'><strong>petere</strong></span> <span class='ocrx_word' id='word_1_244' title='bbox 699 2472 797 2534; x_wconf 81' lang='lat' dir='ltr'><strong>rellet3</strong></span> <span class='ocrx_word' id='word_1_245' title='bbox 809 2471 889 2524; x_wconf 85' lang='lat' dir='ltr'><strong>haud</strong></span> 
     </span>
     <span class='ocr_line' id='line_1_35' title="bbox 76 2539 886 2608; baseline 0.001 -19"><span class='ocrx_word' id='word_1_246' title='bbox 76 2540 213 2592; x_wconf 90' lang='lat' dir='ltr'><strong>dubitavit</strong></span> <span class='ocrx_word' id='word_1_247' title='bbox 223 2540 357 2604; x_wconf 80' lang='lat' dir='ltr'><strong>fateri,ad</strong></span> <span class='ocrx_word' id='word_1_248' title='bbox 368 2540 612 2594; x_wconf 89' lang='lat' dir='ltr'><strong>communicandos</strong></span> <span class='ocrx_word' id='word_1_249' title='bbox 623 2555 684 2592; x_wconf 84' lang='lat' dir='ltr'><strong>cum</strong></span> <span class='ocrx_word' id='word_1_250' title='bbox 695 2555 763 2608; x_wconf 90' lang='lat' dir='ltr'><strong>rege</strong></span> <span class='ocrx_word' id='word_1_251' title='bbox 775 2539 886 2591; x_wconf 85' lang='lat' dir='ltr'><strong>liberos</strong></span> 
     </span>
     <span class='ocr_line' id='line_1_36' title="bbox 75 2605 886 2678; baseline 0.001 -22"><span class='ocrx_word' id='word_1_252' title='bbox 75 2609 241 2661; x_wconf 81' lang='lat' dir='ltr'><strong>sevenisse:</strong></span> <span class='ocrx_word' id='word_1_253' title='bbox 262 2609 388 2678; x_wconf 86' lang='lat' dir='ltr'><strong>dignam,</strong></span> <span class='ocrx_word' id='word_1_254' title='bbox 401 2626 436 2661; x_wconf 88' lang='lat' dir='ltr'><strong>ex</strong></span> <span class='ocrx_word' id='word_1_255' title='bbox 448 2625 502 2677; x_wconf 91' lang='lat' dir='ltr'><strong>qua</strong></span> <span class='ocrx_word' id='word_1_256' title='bbox 512 2610 571 2675; x_wconf 86' lang='lat' dir='ltr'><strong>ipse</strong></span> <span class='ocrx_word' id='word_1_257' title='bbox 582 2608 662 2674; x_wconf 87' lang='lat' dir='ltr'><strong>regni</strong></span> <span class='ocrx_word' id='word_1_258' title='bbox 675 2613 826 2676; x_wconf 87' lang='lat' dir='ltr'><strong>generaret</strong></span> <span class='ocrx_word' id='word_1_259' title='bbox 835 2605 886 2658; x_wconf 89' lang='lat' dir='ltr'><strong>he·</strong></span> 
     </span>
     <span class='ocr_line' id='line_1_37' title="bbox 74 2675 885 2739; baseline 0 -15"><span class='ocrx_word' id='word_1_260' title='bbox 74 2676 166 2726; x_wconf 86' lang='lat' dir='ltr'><strong>redes.</strong></span> <span class='ocrx_word' id='word_1_261' title='bbox 201 2676 339 2729; x_wconf 85' lang='lat' dir='ltr'><strong>Feminini</strong></span> <span class='ocrx_word' id='word_1_262' title='bbox 355 2694 438 2728; x_wconf 87' lang='lat' dir='ltr'><strong>sexus</strong></span> <span class='ocrx_word' id='word_1_263' title='bbox 452 2692 482 2726; x_wconf 91' lang='lat' dir='ltr'><strong>se</strong></span> <span class='ocrx_word' id='word_1_264' title='bbox 497 2682 680 2739; x_wconf 82' lang='lat' dir='ltr'><strong>retenturam3</strong></span> <span class='ocrx_word' id='word_1_265' title='bbox 700 2690 805 2727; x_wconf 88' lang='lat' dir='ltr'><strong>marem</strong></span> <span class='ocrx_word' id='word_1_266' title='bbox 820 2675 885 2725; x_wconf 86' lang='lat' dir='ltr'><strong>red·</strong></span> 
     </span>
     <span class='ocr_line' id='line_1_38' title="bbox 76 2741 889 2811; baseline 0.002 -20"><span class='ocrx_word' id='word_1_267' title='bbox 76 2743 194 2794; x_wconf 86' lang='lat' dir='ltr'><strong>dituram</strong></span> <span class='ocrx_word' id='word_1_268' title='bbox 205 2746 285 2811; x_wconf 82' lang='lat' dir='ltr'><strong>patri.</strong></span> <span class='ocrx_word' id='word_1_269' title='bbox 323 2747 363 2796; x_wconf 82' lang='lat'><strong>31.</strong></span> <span class='ocrx_word' id='word_1_270' title='bbox 383 2745 555 2804; x_wconf 82' lang='lat' dir='ltr'><strong>Alexander,</strong></span> <span class='ocrx_word' id='word_1_271' title='bbox 567 2758 600 2793; x_wconf 88' lang='lat' dir='ltr'><strong>an</strong></span> <span class='ocrx_word' id='word_1_272' title='bbox 613 2744 747 2811; x_wconf 83' lang='lat' dir='ltr'><strong>cumipse</strong></span> <span class='ocrx_word' id='word_1_273' title='bbox 758 2741 889 2793; x_wconf 71' lang='lat' dir='ltr'><strong>militare</strong></span> 
     </span>
    </p>
   </div>
   <div class='ocr_carea' id='block_1_3' title="bbox 0 0 1028 3034">
    <p class='ocr_par' dir='ltr' id='par_1_3' title="bbox 0 0 1028 3034">
     <span class='ocr_line' id='line_1_39' title="bbox 0 0 1028 3034; baseline 0 0"><span class='ocrx_word' id='word_1_274' title='bbox 0 0 1028 3034; x_wconf 95' lang='lat' dir='ltr'><strong> </strong></span> 
     </span>
    </p>
   </div>
  </div>
 </body>
</html>
