2054 3030
140 134 189 187 rto
360 131 531 192 ausuri
561 105 726 183 cuurrr

136 235 251 301 Illyrios
262 249 328 284 vero
336 233 502 296 etThracas‚
510 240 590 298 rapto
601 234 694 283 vivere
705 231 846 292 adsuetos,
852 233 952 289 aciem

137 301 259 353 hostium
271 315 338 351 auro
349 316 523 368 purpuraque
538 301 690 367 fulgentem
704 295 806 350 intueri
817 298 952 364 iubebat,

136 368 277 434 praedam,
288 382 343 418 non
354 384 429 420 arma
440 375 604 436 gestantem.
642 369 681 417 1⁰.
700 367 784 427 lrent,
800 372 829 416 et
843 367 949 419 imbel-

135 434 209 485 libus
220 433 331 486 feminis
342 451 437 486 aurum
448 436 500 485 viri
512 438 660 500 eriperent.
687 433 796 499 Aspera
804 436 948 486 montium

136 517 248 554 suorum
259 504 345 569 iuga,
354 504 498 569 nudosque
509 503 610 564 colles,
628 508 657 552 et
668 507 802 567 perpetuo
814 501 946 569 rigentes

55 634 59 643 Ι
136 569 214 635 gelu,
235 570 338 620 ditibus
354 570 619 635 Persarumcampis
639 570 769 636 agrisque
789 575 945 620 mutarent.
1020 583 1021 592 ¹

185 636 232 686 Xl.
251 637 308 687 lam
320 636 355 686 ad
365 637 415 686 teli
425 639 529 688 iactum
539 643 731 703 pervenerant,
747 651 828 702 quum
839 635 945 687 Persa·
1020 689 1021 702 χ

134 719 194 754 rum
205 706 314 771 equites
325 703 460 755 ferociter
470 706 499 756 in
508 704 618 755 laevum
628 719 714 754 cornu
729 702 851 754 hostium
864 704 945 753 inve·
1019 715 1021 728 “

134 774 172 824 cti
181 779 253 823 sunt.
289 771 397 838 Quippe
411 772 514 823 Darius
529 774 652 839 equestri
667 770 775 835 proelio
787 771 944 822 decernere

135 840 258 907 optabat,
268 837 432 905 phalangem
442 839 618 890 Macedonici
629 840 768 889 exercitus
779 837 866 888 robur
876 852 945 890 esse

135 908 306 958 coniectans.
334 906 445 972 lamque
457 909 539 958 etiam
551 907 677 957 dextrum
687 904 841 956 Alexandri
852 919 945 957 cornu

134 973 338 1026 circumibatur.
378 975 402 1021 2.
426 974 508 1034 Quod
517 975 565 1025 ubi
575 973 693 1024 Macedo
706 973 862 1038 conspexit,
873 974 944 1024 dua-

133 1041 185 1092 bus
201 1041 253 1091 alis
269 1039 393 1106 equitum
406 1041 440 1091 ad
455 1041 550 1107 iugum
567 1043 669 1091 montis
680 1041 763 1091 iussis
774 1040 943 1104 subsistere,

134 1114 245 1160 ceteros
255 1107 285 1156 in
295 1105 414 1157 medium
424 1107 494 1157 belli
504 1108 653 1158 discrimen
665 1113 776 1158 strerme
792 1107 943 1160 transfert.

133 1177 157 1226 3.
187 1174 336 1224 Subductis
358 1173 458 1225 deinde
479 1189 513 1225 ex
538 1176 599 1226 acie
621 1174 766 1226 Thessalis
787 1175 942 1241 equitibus,

131 1240 305 1310 praefectum
316 1255 411 1291 eorum
426 1243 536 1293 occulte
548 1243 695 1293 circumire
705 1247 815 1310 tergum
825 1258 943 1294 suorum

131 1308 225 1370 iubet,
241 1306 474 1375 Parmenionique
486 1311 630 1378 coniungi,
647 1315 676 1361 et
686 1311 795 1376 quadis
805 1310 943 1376 imperas-

133 1382 186 1437 set,
206 1375 325 1442 impigre
346 1378 470 1442 exsequi.
510 1379 535 1428 4.
563 1377 750 1444 lamque'ipsi
768 1379 798 1428 in
817 1378 943 1430 medium

133 1443 282 1494 Persarum
293 1443 414 1509 undique
426 1444 596 1508 circumfusi,
611 1445 725 1512 egregie
736 1458 766 1495 se
776 1444 943 1508 tuebantur;

133 1509 184 1562 sed
195 1509 327 1572 conferti,
348 1518 377 1561 et
386 1511 465 1579 quasi
476 1511 674 1576 cohaerentes,
695 1511 753 1563 tela
762 1512 873 1564 vibrare
883 1527 944 1563 non

131 1584 273 1645 poterant:
295 1578 377 1630 simul
390 1586 421 1630 ut
433 1586 512 1631 erant
522 1581 635 1642 emissa,
655 1580 684 1630 in
698 1579 812 1630 eosdem
822 1591 943 1632 concur·

131 1645 225 1696 rentia
245 1646 465 1712 implicabantur,
486 1646 597 1716 levique
612 1653 641 1698 et
652 1663 724 1699 rano
738 1647 798 1697 ictu
810 1662 900 1714 pauca
910 1648 943 1696 in

133 1711 251 1776 hostem,
270 1715 350 1780 plura
369 1715 398 1765 in
418 1713 529 1766 humum
548 1716 664 1766 innoxia
681 1714 825 1767 cadebant.
861 1714 942 1781 Ergo

133 1782 258 1833 cominus
270 1797 388 1850 pugnam
400 1784 491 1833 eoacti
506 1798 669 1844 conserere,
689 1783 800 1850 gladios
818 1782 941 1849 impigre

133 1850 282 1916 stringunt.
318 1849 342 1900 5.
362 1851 433 1901 Tum
453 1865 519 1902 vero
541 1851 656 1901 multum
682 1850 825 1917 sanguinis
844 1850 941 1900 fusum

133 1923 185 1968 est.
221 1917 300 1967 Duae
321 1917 422 1982 quippe
444 1918 520 1968 acies
533 1920 574 1968 ita
593 1917 791 1978 cohaerebant,
808 1923 841 1967 ut
854 1917 942 1967 arinis

133 1999 209 2034 arma
228 1983 387 2048 pulsarent,
408 1998 555 2034 mucrones
572 1986 601 2035 in
616 2000 666 2034 ora
676 1985 838 2052 dirigerent.
875 1984 942 2034 Non
1018 2021 1019 2045 ,

133 2050 241 2112 timido,
252 2064 308 2100 non
318 2049 420 2116 ignavo
432 2066 544 2104 cessare
553 2057 611 2102 tum
620 2052 711 2103 licuit:
733 2052 839 2103 collato
857 2051 942 2118 pede,

133 2119 213 2184 quasi
230 2116 333 2184 singuli
348 2118 422 2168 inter
432 2134 462 2169 se
477 2119 654 2181 dimicarent,
668 2123 697 2170 in
707 2120 805 2174 eodem
816 2119 941 2186 vestigio

133 2187 254 2248 stabant,
264 2183 354 2236 donec
364 2185 499 2237 vincendo
510 2186 602 2238 locum
614 2187 668 2238 sibi
678 2186 812 2238 facerent.
831 2185 857 2235 6.
868 2187 944 2237 Tum
1017 2233 1018 2250 ,

135 2253 244 2303 demum
265 2267 333 2319 ergo
351 2253 551 2320 promovebant
569 2255 697 2322 gradum,
723 2270 806 2322 quum
830 2252 944 2305 hostem
1017 2253 1018 2262 ’

135 2326 350 2385 prostraverant.
386 2321 421 2371 At
438 2320 505 2372 illos
526 2338 614 2372 novus
636 2322 793 2388 excipiebat
811 2321 945 2372 adversa-

134 2386 192 2435 rius
203 2385 349 2453 fatigatos:
361 2402 412 2438 nec
421 2388 570 2449 vulnerati,
583 2395 614 2439 ut
623 2390 692 2440 alias
703 2389 805 2452 solent,
820 2389 882 2439 acie
893 2403 945 2456 po-

135 2459 228 2505 terant
239 2455 385 2515 excedere,
399 2470 482 2520 quum
492 2455 583 2506 hostis
593 2458 712 2508 instaret
721 2471 737 2506 a
747 2456 850 2519 fronte,
861 2472 877 2507 a
887 2462 947 2506 ter·
1016 2479 1017 2508 r

136 2535 172 2588 go
193 2521 235 2571 sui
253 2528 394 2586 urgerent.
437 2522 463 2572 'l.
491 2523 649 2573 Alexander
667 2540 723 2575 non
742 2523 821 2579 ducis
841 2526 946 2590 magis,

136 2603 217 2655 quarn
235 2587 333 2637 militis
355 2589 449 2638 munia
469 2589 684 2655 exsequebatur,
711 2593 830 2656 opimum
856 2591 947 2642 dacus

137 2669 218 2706 caeso
236 2667 305 2720 rege
314 2660 455 2719 expetens.
490 2657 598 2721 Quippe
609 2656 711 2708 Dan‘us
722 2673 804 2709 curru
815 2657 948 2708 sublimis
