<?xml version="1.0" encoding="UTF-8"?>
<!DOCTYPE html PUBLIC "-//W3C//DTD XHTML 1.0 Transitional//EN"
    "http://www.w3.org/TR/xhtml1/DTD/xhtml1-transitional.dtd">
<html xmlns="http://www.w3.org/1999/xhtml" xml:lang="en" lang="en">
 <head>
  <title>
</title>
<meta http-equiv="Content-Type" content="text/html;charset=utf-8" />
  <meta name='ocr-system' content='tesseract 3.04.00' />
  <meta name='ocr-capabilities' content='ocr_page ocr_carea ocr_par ocr_line ocrx_word'/>
</head>
<body>
  <div class='ocr_page' id='page_1' title='image "./qcurtiirufidere00johagoog_0308.png"; bbox 0 0 2082 3042; ppageno 0'>
   <div class='ocr_carea' id='block_1_1' title="bbox 90 179 679 268">
    <p class='ocr_par' dir='ltr' id='par_1_1' title="bbox 90 179 679 268">
     <span class='ocr_line' id='line_1_1' title="bbox 90 179 679 268; baseline -0.01 -8"><span class='ocrx_word' id='word_1_1' title='bbox 90 208 140 265; x_wconf 84' lang='lat' dir='ltr'><em>noo</em></span> <span class='ocrx_word' id='word_1_2' title='bbox 228 187 235 204; x_wconf 85' lang='lat'><strong><em>‘</em></strong></span> <span class='ocrx_word' id='word_1_3' title='bbox 307 179 477 268; x_wconf 82' lang='lat' dir='ltr'><em>ournrr</em></span> <span class='ocrx_word' id='word_1_4' title='bbox 511 203 679 257; x_wconf 75' lang='lat' dir='ltr'><em>consu</em></span> 
     </span>
    </p>
   </div>
   <div class='ocr_carea' id='block_1_2' title="bbox 84 302 899 2803">
    <p class='ocr_par' dir='ltr' id='par_1_2' title="bbox 92 302 898 376">
     <span class='ocr_line' id='line_1_2' title="bbox 92 302 898 376; baseline -0.009 -14"><span class='ocrx_word' id='word_1_5' title='bbox 92 325 146 364; x_wconf 80' lang='lat' dir='ltr'><em>erre</em></span> <span class='ocrx_word' id='word_1_6' title='bbox 156 317 181 360; x_wconf 86' lang='lat' dir='ltr'><em>te</em></span> <span class='ocrx_word' id='word_1_7' title='bbox 192 307 292 376; x_wconf 76' lang='lat' dir='ltr'><em>cogita.</em></span> <span class='ocrx_word' id='word_1_8' title='bbox 329 308 445 360; x_wconf 79' lang='lat' dir='ltr'><em>Stultum</em></span> <span class='ocrx_word' id='word_1_9' title='bbox 456 316 596 359; x_wconf 80' lang='lat' dir='ltr'><em>erteomtm</em></span> <span class='ocrx_word' id='word_1_10' title='bbox 606 302 764 367; x_wconf 70' lang='lat' dir='ltr'><em>meminere,</em></span> <span class='ocrx_word' id='word_1_11' title='bbox 782 314 898 372; x_wconf 80' lang='lat' dir='ltr'><em>propter·</em></span> 
     </span>
    </p>

    <p class='ocr_par' dir='ltr' id='par_1_3' title="bbox 84 371 899 1246">
     <span class='ocr_line' id='line_1_3' title="bbox 109 371 897 438; baseline -0.004 -11"><span class='ocrx_word' id='word_1_12' title='bbox 109 374 388 434; x_wconf 79' lang='lat' dir='ltr'><em>naetnioblioireerir.</em></span> <span class='ocrx_word' id='word_1_13' title='bbox 423 377 465 426; x_wconf 77' lang='lat' dir='ltr'><em>nt.</em></span> <span class='ocrx_word' id='word_1_14' title='bbox 486 371 897 438; x_wconf 79' lang='lat' dir='ltr'><em>Qailntbellnmnonintnleris,</em></span> 
     </span>
     <span class='ocr_line' id='line_1_4' title="bbox 92 393 897 512; baseline -0.007 -17"><span class='ocrx_word' id='word_1_15' title='bbox 92 393 167 496; x_wconf 68' lang='lat' dir='ltr'><em>ionis</em></span> <span class='ocrx_word' id='word_1_16' title='bbox 180 441 273 497; x_wconf 74' lang='lat' dir='ltr'><em>anticio</em></span> <span class='ocrx_word' id='word_1_17' title='bbox 283 443 386 510; x_wconf 78' lang='lat' dir='ltr'><em>poteris</em></span> <span class='ocrx_word' id='word_1_18' title='bbox 401 442 450 494; x_wconf 77' lang='lat' dir='ltr'><em>ati.</em></span> <span class='ocrx_word' id='word_1_19' title='bbox 487 440 557 492; x_wconf 89' lang='lat' dir='ltr'><em>Nam</em></span> <span class='ocrx_word' id='word_1_20' title='bbox 572 438 766 512; x_wconf 75' lang='lat' dir='ltr'><em>etflrrnt&#39;onima</em></span> <span class='ocrx_word' id='word_1_21' title='bbox 777 448 816 490; x_wconf 81' lang='lat' dir='ltr'><em>ert</em></span> <span class='ocrx_word' id='word_1_22' title='bbox 825 438 897 490; x_wconf 82' lang='lat' dir='ltr'><em>inter</em></span> 
     </span>
     <span class='ocr_line' id='line_1_5' title="bbox 87 506 896 576; baseline -0.005 -15"><span class='ocrx_word' id='word_1_23' title='bbox 87 526 167 576; x_wconf 80' lang='lat' dir='ltr'><em>pares</em></span> <span class='ocrx_word' id='word_1_24' title='bbox 178 509 298 562; x_wconf 80' lang='lat' dir='ltr'><em>amicitia</em></span> <span class='ocrx_word' id='word_1_25' title='bbox 303 528 315 573; x_wconf 90' lang='lat'><em>;</em></span> <span class='ocrx_word' id='word_1_26' title='bbox 335 520 360 563; x_wconf 86' lang='lat' dir='ltr'><em>et</em></span> <span class='ocrx_word' id='word_1_27' title='bbox 371 510 495 561; x_wconf 82' lang='lat' dir='ltr'><em>uidentur</em></span> <span class='ocrx_word' id='word_1_28' title='bbox 521 525 589 570; x_wconf 80' lang='lat' dir='ltr'><em>ares,</em></span> <span class='ocrx_word' id='word_1_29' title='bbox 604 507 651 575; x_wconf 80' lang='lat' dir='ltr'><em>qai</em></span> <span class='ocrx_word' id='word_1_30' title='bbox 658 506 896 576; x_wconf 84' lang='lat' dir='ltr'><em>nonfeccrantin·</em></span> 
     </span>
     <span class='ocr_line' id='line_1_6' title="bbox 92 568 899 646; baseline -0.004 -19"><span class='ocrx_word' id='word_1_31' title='bbox 92 568 322 646; x_wconf 66' lang='lat' dir='ltr'><em>ter⁴aepcricalam</em></span> <span class='ocrx_word' id='word_1_32' title='bbox 332 578 436 629; x_wconf 67' lang='lat' dir='ltr'><em>almum.</em></span> <span class='ocrx_word' id='word_1_33' title='bbox 471 579 487 626; x_wconf 78' lang='lat'>2</span> <span class='ocrx_word' id='word_1_34' title='bbox 508 613 514 626; x_wconf 91' lang='lat'><em>.</em></span> <span class='ocrx_word' id='word_1_35' title='bbox 535 574 608 639; x_wconf 79' lang='lat' dir='ltr'><em>Quor</em></span> <span class='ocrx_word' id='word_1_36' title='bbox 618 573 725 637; x_wconf 67' lang='lat' dir='ltr'><em>aioemr,</em></span> <span class='ocrx_word' id='word_1_37' title='bbox 736 573 837 625; x_wconf 78' lang='lat' dir='ltr'><em>amicos</em></span> <span class='ocrx_word' id='word_1_38' title='bbox 847 575 899 624; x_wconf 82' lang='lat' dir='ltr'><em>tihi</em></span> 
     </span>
     <span class='ocr_line' id='line_1_7' title="bbox 92 641 895 697; baseline -0.007 0"><span class='ocrx_word' id='word_1_39' title='bbox 92 645 328 697; x_wconf 78' lang='lat' dir='ltr'><em>eteecaoecr&#39;edar.</em></span> <span class='ocrx_word' id='word_1_40' title='bbox 363 644 440 697; x_wconf 86' lang='lat' dir='ltr'><em>Inter</em></span> <span class='ocrx_word' id='word_1_41' title='bbox 453 641 895 694; x_wconf 78' lang='lat' dir='ltr'><em>dominnmetreoonmnullaomi-</em></span> 
     </span>
     <span class='ocr_line' id='line_1_8' title="bbox 92 709 894 780; baseline -0.005 -17"><span class='ocrx_word' id='word_1_42' title='bbox 92 711 156 764; x_wconf 77' lang='lat' dir='ltr'><em>uitia</em></span> <span class='ocrx_word' id='word_1_43' title='bbox 166 721 212 764; x_wconf 74' lang='lat' dir='ltr'><em>est.</em></span> <span class='ocrx_word' id='word_1_44' title='bbox 247 711 342 764; x_wconf 83' lang='lat' dir='ltr'><em>Etiam</em></span> <span class='ocrx_word' id='word_1_45' title='bbox 361 713 390 764; x_wconf 84' lang='lat' dir='ltr'><em>ln</em></span> <span class='ocrx_word' id='word_1_46' title='bbox 405 727 473 780; x_wconf 82' lang='lat' dir='ltr'><em>parc</em></span> <span class='ocrx_word' id='word_1_47' title='bbox 493 711 553 762; x_wconf 83' lang='lat' dir='ltr'><em>belli</em></span> <span class='ocrx_word' id='word_1_48' title='bbox 568 717 657 762; x_wconf 89' lang='lat' dir='ltr'><em>tamen</em></span> <span class='ocrx_word' id='word_1_49' title='bbox 670 709 732 760; x_wconf 81' lang='lat' dir='ltr'><em>iura</em></span> <span class='ocrx_word' id='word_1_50' title='bbox 743 717 894 760; x_wconf 78' lang='lat' dir='ltr'><em>servantur.</em></span> 
     </span>
     <span class='ocr_line' id='line_1_9' title="bbox 92 776 894 848; baseline -0.005 -18"><span class='ocrx_word' id='word_1_51' title='bbox 92 779 132 832; x_wconf 79' lang='lat'><em>29.</em></span> <span class='ocrx_word' id='word_1_52' title='bbox 156 779 276 831; x_wconf 76' lang='lat' dir='ltr'><em>Iurando</em></span> <span class='ocrx_word' id='word_1_53' title='bbox 293 779 415 848; x_wconf 79' lang='lat' dir='ltr'><em>gratiam</em></span> <span class='ocrx_word' id='word_1_54' title='bbox 434 779 470 832; x_wconf 75' lang='lat' dir='ltr'><em>So</em></span> <span class='ocrx_word' id='word_1_55' title='bbox 489 779 548 830; x_wconf 81' lang='lat' dir='ltr'><em>that</em></span> <span class='ocrx_word' id='word_1_56' title='bbox 567 777 672 830; x_wconf 67' lang='lat' dir='ltr'><em>ranem</em></span> <span class='ocrx_word' id='word_1_57' title='bbox 690 793 723 828; x_wconf 87' lang='lat' dir='ltr'><em>ne</em></span> <span class='ocrx_word' id='word_1_58' title='bbox 742 776 894 829; x_wconf 75' lang='lat' dir='ltr'><em>crediderit.</em></span> 
     </span>
     <span class='ocr_line' id='line_1_10' title="bbox 94 843 898 915; baseline -0.006 -17"><span class='ocrx_word' id='word_1_59' title='bbox 94 845 306 915; x_wconf 78' lang='lat' dir='ltr'><em>Oolendofldem,</em></span> <span class='ocrx_word' id='word_1_60' title='bbox 318 847 419 899; x_wconf 79' lang='lat' dir='ltr'><em>incant.</em></span> <span class='ocrx_word' id='word_1_61' title='bbox 482 861 621 899; x_wconf 82' lang='lat' dir='ltr'><em>raeaornm</em></span> <span class='ocrx_word' id='word_1_62' title='bbox 630 843 683 896; x_wconf 77' lang='lat' dir='ltr'><em>icta</em></span> <span class='ocrx_word' id='word_1_63' title='bbox 694 843 784 895; x_wconf 83' lang='lat' dir='ltr'><em>cantio</em></span> <span class='ocrx_word' id='word_1_64' title='bbox 796 843 898 912; x_wconf 71' lang='grc' dir='ltr'><em>επ,ᾳαί</em></span> 
     </span>
     <span class='ocr_line' id='line_1_11' title="bbox 87 909 896 984; baseline -0.002 -20"><span class='ocrx_word' id='word_1_65' title='bbox 87 923 172 980; x_wconf 80' lang='lat' dir='ltr'><em>poeta</em></span> <span class='ocrx_word' id='word_1_66' title='bbox 188 915 358 984; x_wconf 77' lang='lat' dir='ltr'><em>consignant,</em></span> <span class='ocrx_word' id='word_1_67' title='bbox 379 914 488 967; x_wconf 81' lang='lat' dir='ltr'><em>etDeoe</em></span> <span class='ocrx_word' id='word_1_68' title='bbox 500 913 634 965; x_wconf 81' lang='lat' dir='ltr'><em>invocant.</em></span> <span class='ocrx_word' id='word_1_69' title='bbox 670 909 726 962; x_wconf 84' lang='lat' dir='ltr'><em>Nos</em></span> <span class='ocrx_word' id='word_1_70' title='bbox 736 910 896 979; x_wconf 74' lang='lat' dir='ltr'><em>religionem</em></span> 
     </span>
     <span class='ocr_line' id='line_1_12' title="bbox 90 977 893 1050; baseline -0.002 -19"><span class='ocrx_word' id='word_1_71' title='bbox 90 981 194 1050; x_wconf 78' lang='lat' dir='ltr'><em>inipso</em></span> <span class='ocrx_word' id='word_1_72' title='bbox 235 983 266 1034; x_wconf 89' lang='lat' dir='ltr'><em>de</em></span> <span class='ocrx_word' id='word_1_73' title='bbox 285 981 413 1034; x_wconf 76' lang='lat' dir='ltr'><em>novimas.</em></span> <span class='ocrx_word' id='word_1_74' title='bbox 452 980 506 1046; x_wconf 79' lang='lat' dir='ltr'><em>Qui</em></span> <span class='ocrx_word' id='word_1_75' title='bbox 523 997 577 1032; x_wconf 91' lang='lat' dir='ltr'><em>non</em></span> <span class='ocrx_word' id='word_1_76' title='bbox 595 986 751 1031; x_wconf 80' lang='lat' dir='ltr'><em>reverentur</em></span> <span class='ocrx_word' id='word_1_77' title='bbox 765 977 893 1041; x_wconf 75' lang='lat' dir='ltr'><em>homines,</em></span> 
     </span>
     <span class='ocr_line' id='line_1_13' title="bbox 84 1045 892 1119; baseline -0.005 -19"><span class='ocrx_word' id='word_1_78' title='bbox 84 1049 190 1119; x_wconf 88' lang='lat' dir='ltr'><em>fallant</em></span> <span class='ocrx_word' id='word_1_79' title='bbox 229 1066 280 1101; x_wconf 84' lang='lat' dir='ltr'><em>eor.</em></span> <span class='ocrx_word' id='word_1_80' title='bbox 315 1051 356 1102; x_wconf 82' lang='lat'><em>30.</em></span> <span class='ocrx_word' id='word_1_81' title='bbox 368 1048 425 1101; x_wconf 87' lang='lat' dir='ltr'><em>Nee</em></span> <span class='ocrx_word' id='word_1_82' title='bbox 437 1049 488 1100; x_wconf 82' lang='lat' dir='ltr'><em>tibi</em></span> <span class='ocrx_word' id='word_1_83' title='bbox 495 1048 581 1099; x_wconf 81' lang='lat' dir='ltr'><em>arnico</em></span> <span class='ocrx_word' id='word_1_84' title='bbox 593 1063 658 1115; x_wconf 79' lang='lat' dir='ltr'><em>opas</em></span> <span class='ocrx_word' id='word_1_85' title='bbox 668 1054 715 1110; x_wconf 82' lang='lat' dir='ltr'><em>ert,</em></span> <span class='ocrx_word' id='word_1_86' title='bbox 726 1045 757 1097; x_wconf 84' lang='lat' dir='ltr'><em>dc</em></span> <span class='ocrx_word' id='word_1_87' title='bbox 766 1046 841 1099; x_wconf 83' lang='lat' dir='ltr'><em>caint</em></span> <span class='ocrx_word' id='word_1_88' title='bbox 852 1045 892 1096; x_wconf 84' lang='lat' dir='ltr'><em>be-</em></span> 
     </span>
     <span class='ocr_line' id='line_1_14' title="bbox 91 1111 894 1181; baseline -0.002 -15"><span class='ocrx_word' id='word_1_89' title='bbox 91 1115 240 1168; x_wconf 82' lang='lat' dir='ltr'><em>nevolentia</em></span> <span class='ocrx_word' id='word_1_90' title='bbox 255 1116 365 1168; x_wconf 80' lang='lat' dir='ltr'><em>daliter.</em></span> <span class='ocrx_word' id='word_1_91' title='bbox 405 1115 527 1168; x_wconf 81' lang='lat' dir='ltr'><em>Ceteram</em></span> <span class='ocrx_word' id='word_1_92' title='bbox 540 1131 588 1166; x_wconf 82' lang='lat' dir='ltr'><em>not</em></span> <span class='ocrx_word' id='word_1_93' title='bbox 599 1123 625 1166; x_wconf 89' lang='lat' dir='ltr'><em>ct</em></span> <span class='ocrx_word' id='word_1_94' title='bbox 636 1113 717 1165; x_wconf 78' lang='lat' dir='ltr'><em>Atiae</em></span> <span class='ocrx_word' id='word_1_95' title='bbox 728 1121 755 1164; x_wconf 85' lang='lat' dir='ltr'><em>et</em></span> <span class='ocrx_word' id='word_1_96' title='bbox 763 1111 894 1181; x_wconf 83' lang='lat' dir='ltr'><em>Europae</em></span> 
     </span>
     <span class='ocr_line' id='line_1_15' title="bbox 91 1179 892 1246; baseline -0.004 -12"><span class='ocrx_word' id='word_1_97' title='bbox 91 1185 209 1235; x_wconf 78' lang='lat' dir='ltr'><em>custodes</em></span> <span class='ocrx_word' id='word_1_98' title='bbox 220 1183 341 1234; x_wconf 78' lang='lat' dir='ltr'><em>babebit:</em></span> <span class='ocrx_word' id='word_1_99' title='bbox 359 1181 477 1246; x_wconf 83' lang='lat' dir='ltr'><em>Bactra,</em></span> <span class='ocrx_word' id='word_1_100' title='bbox 489 1182 542 1234; x_wconf 79' lang='lat' dir='ltr'><em>niti</em></span> <span class='ocrx_word' id='word_1_101' title='bbox 554 1181 657 1234; x_wconf 59' lang='lat' dir='ltr'><em>&amp;oldut</em></span> <span class='ocrx_word' id='word_1_102' title='bbox 667 1179 778 1242; x_wconf 69' lang='lat' dir='ltr'><em>Tanais,</em></span> <span class='ocrx_word' id='word_1_103' title='bbox 790 1180 892 1232; x_wconf 85' lang='lat' dir='ltr'><em>cantin-</em></span> 
     </span>
    </p>

    <p class='ocr_par' dir='ltr' id='par_1_4' title="bbox 88 1247 894 1513">
     <span class='ocr_line' id='line_1_16' title="bbox 111 1247 892 1318; baseline -0.001 -19"><span class='ocrx_word' id='word_1_104' title='bbox 111 1251 190 1300; x_wconf 81' lang='lat' dir='ltr'><em>imnr:</em></span> <span class='ocrx_word' id='word_1_105' title='bbox 220 1252 292 1300; x_wconf 88' lang='lat' dir='ltr'><em>altro</em></span> <span class='ocrx_word' id='word_1_106' title='bbox 314 1248 429 1300; x_wconf 82' lang='lat' dir='ltr'><em>Tanaim</em></span> <span class='ocrx_word' id='word_1_107' title='bbox 447 1250 586 1318; x_wconf 80' lang='lat' dir='ltr'><em>nequead</em></span> <span class='ocrx_word' id='word_1_108' title='bbox 606 1247 752 1300; x_wconf 75' lang='lat' dir='ltr'><em>Taraciam</em></span> <span class='ocrx_word' id='word_1_109' title='bbox 771 1248 892 1312; x_wconf 63' lang='lat' dir='ltr'><em>collorum</em></span> 
     </span>
     <span class='ocr_line' id='line_1_17' title="bbox 88 1267 892 1385; baseline 0 -19"><span class='ocrx_word' id='word_1_110' title='bbox 88 1267 226 1367; x_wconf 46' lang='lat' dir='ltr'><em>isarnum</em></span> <span class='ocrx_word' id='word_1_111' title='bbox 250 1315 437 1368; x_wconf 83' lang='lat' dir='ltr'><em>Macedoniam</em></span> <span class='ocrx_word' id='word_1_112' title='bbox 466 1316 635 1368; x_wconf 83' lang='lat' dir='ltr'><em>coniunctam</em></span> <span class='ocrx_word' id='word_1_113' title='bbox 664 1332 718 1368; x_wconf 79' lang='lat' dir='ltr'><em>este</em></span> <span class='ocrx_word' id='word_1_114' title='bbox 734 1314 819 1385; x_wconf 88' lang='lat' dir='ltr'><em>fama</em></span> <span class='ocrx_word' id='word_1_115' title='bbox 844 1325 892 1366; x_wconf 78' lang='lat' dir='ltr'><em>ert.</em></span> 
     </span>
     <span class='ocr_line' id='line_1_18' title="bbox 95 1381 894 1501; baseline -0.001 -67"><span class='ocrx_word' id='word_1_116' title='bbox 95 1381 206 1450; x_wconf 77' lang='lat' dir='ltr'><em>Utrique</em></span> <span class='ocrx_word' id='word_1_117' title='bbox 216 1381 327 1501; x_wconf 57' lang='lat' dir='ltr'><em>inperio</em></span> <span class='ocrx_word' id='word_1_118' title='bbox 346 1391 391 1435; x_wconf 87' lang='lat' dir='ltr'><em>tao</em></span> <span class='ocrx_word' id='word_1_119' title='bbox 398 1383 543 1454; x_wconf 80' lang='lat' dir='ltr'><em>finitimae,</em></span> <span class='ocrx_word' id='word_1_120' title='bbox 564 1382 651 1435; x_wconf 78' lang='lat' dir='ltr'><em>horter</em></span> <span class='ocrx_word' id='word_1_121' title='bbox 667 1400 703 1435; x_wconf 91' lang='lat' dir='ltr'><em>an</em></span> <span class='ocrx_word' id='word_1_122' title='bbox 716 1383 818 1436; x_wconf 81' lang='lat' dir='ltr'><em>amicat</em></span> <span class='ocrx_word' id='word_1_123' title='bbox 832 1383 894 1436; x_wconf 83' lang='lat' dir='ltr'><em>velie</em></span> 
     </span>
     <span class='ocr_line' id='line_1_19' title="bbox 90 1465 536 1513; baseline 0.009 -11"><span class='ocrx_word' id='word_1_124' title='bbox 90 1466 151 1513; x_wconf 83' lang='lat' dir='ltr'><em>erce,</em></span> <span class='ocrx_word' id='word_1_125' title='bbox 163 1465 237 1501; x_wconf 78' lang='lat' dir='ltr'><em>contr</em></span> <span class='ocrx_word' id='word_1_126' title='bbox 255 1466 311 1503; x_wconf 88' lang='lat' dir='ltr'><em>cra.</em></span> <span class='ocrx_word' id='word_1_127' title='bbox 533 1492 536 1496; x_wconf 85' lang='lat'><em>-</em></span> 
     </span>
    </p>

    <p class='ocr_par' dir='ltr' id='par_1_5' title="bbox 86 1517 894 2803">
     <span class='ocr_line' id='line_1_20' title="bbox 139 1517 894 1582; baseline 0.001 -13"><span class='ocrx_word' id='word_1_128' title='bbox 139 1517 187 1569; x_wconf 86' lang='lat' dir='ltr'><em>lx.</em></span> <span class='ocrx_word' id='word_1_129' title='bbox 207 1517 285 1571; x_wconf 87' lang='lat' dir='ltr'><em>Haeo</em></span> <span class='ocrx_word' id='word_1_130' title='bbox 295 1520 438 1573; x_wconf 85' lang='lat' dir='ltr'><em>barbarus.</em></span> <span class='ocrx_word' id='word_1_131' title='bbox 475 1522 580 1572; x_wconf 86' lang='lat' dir='ltr'><em>contra</em></span> <span class='ocrx_word' id='word_1_132' title='bbox 592 1535 652 1582; x_wconf 83' lang='lat' dir='ltr'><em>rex,</em></span> <span class='ocrx_word' id='word_1_133' title='bbox 671 1519 785 1570; x_wconf 79' lang='lat' dir='ltr'><em>fortuna</em></span> <span class='ocrx_word' id='word_1_134' title='bbox 800 1525 894 1572; x_wconf 83' lang='lat' dir='ltr'><em>suaet</em></span> 
     </span>
     <span class='ocr_line' id='line_1_21' title="bbox 90 1585 892 1654; baseline 0.002 -18"><span class='ocrx_word' id='word_1_135' title='bbox 90 1585 216 1637; x_wconf 89' lang='lat' dir='ltr'><em>consiliis</em></span> <span class='ocrx_word' id='word_1_136' title='bbox 230 1602 343 1638; x_wconf 83' lang='lat' dir='ltr'><em>suorum</em></span> <span class='ocrx_word' id='word_1_137' title='bbox 359 1603 389 1638; x_wconf 85' lang='lat' dir='ltr'><em>se</em></span> <span class='ocrx_word' id='word_1_138' title='bbox 404 1603 516 1640; x_wconf 92' lang='lat' dir='ltr'><em>usurum</em></span> <span class='ocrx_word' id='word_1_139' title='bbox 533 1603 605 1650; x_wconf 86' lang='lat' dir='ltr'><em>esse,</em></span> <span class='ocrx_word' id='word_1_140' title='bbox 623 1587 785 1654; x_wconf 78' lang='lat' dir='ltr'><em>respondet.</em></span> <span class='ocrx_word' id='word_1_141' title='bbox 822 1585 892 1638; x_wconf 85' lang='lat' dir='ltr'><em>Nam</em></span> 
     </span>
     <span class='ocr_line' id='line_1_22' title="bbox 89 1652 892 1719; baseline 0.002 -16"><span class='ocrx_word' id='word_1_142' title='bbox 89 1659 118 1704; x_wconf 88' lang='lat' dir='ltr'><em>et</em></span> <span class='ocrx_word' id='word_1_143' title='bbox 127 1652 276 1718; x_wconf 87' lang='lat' dir='ltr'><em>fortunam,</em></span> <span class='ocrx_word' id='word_1_144' title='bbox 296 1655 340 1706; x_wconf 89' lang='lat' dir='ltr'><em>oui</em></span> <span class='ocrx_word' id='word_1_145' title='bbox 351 1655 482 1719; x_wconf 83' lang='lat' dir='ltr'><em>confidat,</em></span> <span class='ocrx_word' id='word_1_146' title='bbox 502 1662 531 1706; x_wconf 91' lang='lat' dir='ltr'><em>et</em></span> <span class='ocrx_word' id='word_1_147' title='bbox 546 1655 692 1707; x_wconf 87' lang='lat' dir='ltr'><em>eonsilium</em></span> <span class='ocrx_word' id='word_1_148' title='bbox 706 1655 892 1716; x_wconf 76' lang='lat' dir='ltr'><em>suadentium,</em></span> 
     </span>
     <span class='ocr_line' id='line_1_23' title="bbox 88 1721 891 1789; baseline 0 -17"><span class='ocrx_word' id='word_1_149' title='bbox 88 1735 122 1772; x_wconf 84' lang='lat' dir='ltr'><em>ne</em></span> <span class='ocrx_word' id='word_1_150' title='bbox 142 1721 208 1789; x_wconf 87' lang='lat' dir='ltr'><em>quid</em></span> <span class='ocrx_word' id='word_1_151' title='bbox 226 1732 332 1773; x_wconf 87' lang='lat' dir='ltr'><em>temere</em></span> <span class='ocrx_word' id='word_1_152' title='bbox 352 1729 381 1774; x_wconf 91' lang='lat' dir='ltr'><em>et</em></span> <span class='ocrx_word' id='word_1_153' title='bbox 400 1723 533 1775; x_wconf 83' lang='lat' dir='ltr'><em>audacter</em></span> <span class='ocrx_word' id='word_1_154' title='bbox 545 1722 640 1785; x_wconf 85' lang='lat' dir='ltr'><em>iaciat,</em></span> <span class='ocrx_word' id='word_1_155' title='bbox 660 1729 831 1774; x_wconf 88' lang='lat' dir='ltr'><em>secuturum.</em></span> <span class='ocrx_word' id='word_1_156' title='bbox 867 1723 891 1772; x_wconf 88' lang='lat'><em>2.</em></span> 
     </span>
     <span class='ocr_line' id='line_1_24' title="bbox 88 1789 892 1859; baseline 0.002 -19"><span class='ocrx_word' id='word_1_157' title='bbox 88 1789 275 1858; x_wconf 83' lang='lat' dir='ltr'><em>Dimissisque</em></span> <span class='ocrx_word' id='word_1_158' title='bbox 288 1791 404 1858; x_wconf 81' lang='lat' dir='ltr'><em>legatis,</em></span> <span class='ocrx_word' id='word_1_159' title='bbox 423 1792 452 1842; x_wconf 91' lang='lat' dir='ltr'><em>in</em></span> <span class='ocrx_word' id='word_1_160' title='bbox 462 1797 641 1859; x_wconf 84' lang='lat' dir='ltr'><em>praeparatas</em></span> <span class='ocrx_word' id='word_1_161' title='bbox 652 1795 727 1841; x_wconf 86' lang='lat' dir='ltr'><em>rates</em></span> <span class='ocrx_word' id='word_1_162' title='bbox 738 1791 892 1842; x_wconf 85' lang='lat' dir='ltr'><em>exereitum</em></span> 
     </span>
     <span class='ocr_line' id='line_1_25' title="bbox 87 1857 891 1928; baseline 0.002 -22"><span class='ocrx_word' id='word_1_163' title='bbox 87 1858 229 1924; x_wconf 84' lang='lat' dir='ltr'><em>imposuit.</em></span> <span class='ocrx_word' id='word_1_164' title='bbox 266 1858 296 1909; x_wconf 93' lang='lat' dir='ltr'><em>ln</em></span> <span class='ocrx_word' id='word_1_165' title='bbox 315 1861 407 1926; x_wconf 84' lang='lat' dir='ltr'><em>proris</em></span> <span class='ocrx_word' id='word_1_166' title='bbox 428 1860 574 1928; x_wconf 80' lang='lat' dir='ltr'><em>clypeatae</em></span> <span class='ocrx_word' id='word_1_167' title='bbox 588 1857 739 1919; x_wconf 77' lang='lat' dir='ltr'><em>locaverat,</em></span> <span class='ocrx_word' id='word_1_168' title='bbox 759 1858 854 1908; x_wconf 77' lang='lat' dir='ltr'><em>iussos</em></span> <span class='ocrx_word' id='word_1_169' title='bbox 862 1859 891 1908; x_wconf 90' lang='lat' dir='ltr'><em>in</em></span> 
     </span>
     <span class='ocr_line' id='line_1_26' title="bbox 89 1925 891 1992; baseline 0.002 -18"><span class='ocrx_word' id='word_1_170' title='bbox 89 1939 180 1992; x_wconf 86' lang='lat' dir='ltr'><em>genua</em></span> <span class='ocrx_word' id='word_1_171' title='bbox 194 1925 348 1988; x_wconf 82' lang='lat' dir='ltr'><em>subsidere,</em></span> <span class='ocrx_word' id='word_1_172' title='bbox 370 1942 424 1992; x_wconf 85' lang='lat' dir='ltr'><em>quo</em></span> <span class='ocrx_word' id='word_1_173' title='bbox 439 1927 558 1978; x_wconf 87' lang='lat' dir='ltr'><em>tutiores</em></span> <span class='ocrx_word' id='word_1_174' title='bbox 570 1932 664 1978; x_wconf 84' lang='lat' dir='ltr'><em>essent</em></span> <span class='ocrx_word' id='word_1_175' title='bbox 674 1925 891 1992; x_wconf 83' lang='lat' dir='ltr'><em>adversusjctus</em></span> 
     </span>
     <span class='ocr_line' id='line_1_27' title="bbox 88 1991 892 2062; baseline 0.002 -20"><span class='ocrx_word' id='word_1_176' title='bbox 88 1993 261 2060; x_wconf 82' lang='lat' dir='ltr'><em>sagittarum.</em></span> <span class='ocrx_word' id='word_1_177' title='bbox 297 1994 322 2044; x_wconf 79' lang='grc'><em>3.</em></span> <span class='ocrx_word' id='word_1_178' title='bbox 341 1992 485 2055; x_wconf 86' lang='lat' dir='ltr'><em>Posthos,</em></span> <span class='ocrx_word' id='word_1_179' title='bbox 497 1994 545 2062; x_wconf 90' lang='lat' dir='ltr'><em>qui</em></span> <span class='ocrx_word' id='word_1_180' title='bbox 554 1998 693 2045; x_wconf 86' lang='lat' dir='ltr'><em>tormenta</em></span> <span class='ocrx_word' id='word_1_181' title='bbox 703 1991 892 2054; x_wconf 87' lang='lat' dir='ltr'><em>intenderent,</em></span> 
     </span>
     <span class='ocr_line' id='line_1_28' title="bbox 89 2059 892 2128; baseline 0 -18"><span class='ocrx_word' id='word_1_182' title='bbox 89 2061 211 2124; x_wconf 84' lang='lat' dir='ltr'><em>stabant3</em></span> <span class='ocrx_word' id='word_1_183' title='bbox 233 2066 261 2112; x_wconf 87' lang='lat' dir='ltr'><em>et</em></span> <span class='ocrx_word' id='word_1_184' title='bbox 271 2059 306 2109; x_wconf 89' lang='lat' dir='ltr'><em>ab</em></span> <span class='ocrx_word' id='word_1_185' title='bbox 316 2066 435 2128; x_wconf 86' lang='lat' dir='ltr'><em>utroque</em></span> <span class='ocrx_word' id='word_1_186' title='bbox 445 2061 544 2124; x_wconf 85' lang='lat' dir='ltr'><em>latere,</em></span> <span class='ocrx_word' id='word_1_187' title='bbox 555 2066 584 2112; x_wconf 89' lang='lat' dir='ltr'><em>et</em></span> <span class='ocrx_word' id='word_1_188' title='bbox 595 2077 611 2110; x_wconf 83' lang='lat' dir='ltr'><em>a</em></span> <span class='ocrx_word' id='word_1_189' title='bbox 621 2059 715 2111; x_wconf 85' lang='lat' dir='ltr'><em>fronte</em></span> <span class='ocrx_word' id='word_1_190' title='bbox 725 2059 892 2111; x_wconf 81' lang='lat' dir='ltr'><em>circumdati</em></span> 
     </span>
     <span class='ocr_line' id='line_1_29' title="bbox 88 2126 891 2194; baseline 0 -17"><span class='ocrx_word' id='word_1_191' title='bbox 88 2129 210 2178; x_wconf 82' lang='lat' dir='ltr'><em>armatis.</em></span> <span class='ocrx_word' id='word_1_192' title='bbox 246 2126 371 2193; x_wconf 85' lang='lat' dir='ltr'><em>Reliqui,</em></span> <span class='ocrx_word' id='word_1_193' title='bbox 392 2128 440 2194; x_wconf 90' lang='lat' dir='ltr'><em>qui</em></span> <span class='ocrx_word' id='word_1_194' title='bbox 454 2134 519 2194; x_wconf 89' lang='lat' dir='ltr'><em>post</em></span> <span class='ocrx_word' id='word_1_195' title='bbox 534 2133 674 2180; x_wconf 85' lang='lat' dir='ltr'><em>tormenta</em></span> <span class='ocrx_word' id='word_1_196' title='bbox 694 2129 891 2189; x_wconf 86' lang='lat' dir='ltr'><em>constiterant,</em></span> 
     </span>
     <span class='ocr_line' id='line_1_30' title="bbox 87 2193 893 2262; baseline 0.002 -19"><span class='ocrx_word' id='word_1_197' title='bbox 87 2195 221 2262; x_wconf 84' lang='lat' dir='ltr'><em>remigem</em></span> <span class='ocrx_word' id='word_1_198' title='bbox 240 2194 330 2244; x_wconf 90' lang='lat' dir='ltr'><em>lorica</em></span> <span class='ocrx_word' id='word_1_199' title='bbox 341 2193 467 2245; x_wconf 90' lang='lat' dir='ltr'><em>indutum</em></span> <span class='ocrx_word' id='word_1_200' title='bbox 483 2202 626 2247; x_wconf 85' lang='lat' dir='ltr'><em>scutorum</em></span> <span class='ocrx_word' id='word_1_201' title='bbox 639 2194 780 2246; x_wconf 84' lang='lat' dir='ltr'><em>testudine</em></span> <span class='ocrx_word' id='word_1_202' title='bbox 792 2196 893 2246; x_wconf 84' lang='lat' dir='ltr'><em>armati</em></span> 
     </span>
     <span class='ocr_line' id='line_1_31' title="bbox 87 2261 893 2330; baseline 0.004 -19"><span class='ocrx_word' id='word_1_203' title='bbox 87 2261 282 2329; x_wconf 82' lang='lat' dir='ltr'><em>protegebant.</em></span> <span class='ocrx_word' id='word_1_204' title='bbox 316 2261 342 2311; x_wconf 84' lang='lat'><em>4.</em></span> <span class='ocrx_word' id='word_1_205' title='bbox 360 2261 437 2313; x_wconf 86' lang='lat' dir='ltr'><em>idem</em></span> <span class='ocrx_word' id='word_1_206' title='bbox 455 2264 524 2315; x_wconf 91' lang='lat' dir='ltr'><em>ordo</em></span> <span class='ocrx_word' id='word_1_207' title='bbox 538 2263 637 2314; x_wconf 89' lang='lat' dir='ltr'><em>inillis</em></span> <span class='ocrx_word' id='word_1_208' title='bbox 652 2262 893 2330; x_wconf 81' lang='lat' dir='ltr'><em>quoqueretibus,</em></span> 
     </span>
     <span class='ocr_line' id='line_1_32' title="bbox 88 2326 894 2396; baseline 0.004 -19"><span class='ocrx_word' id='word_1_209' title='bbox 88 2343 158 2393; x_wconf 87' lang='lat' dir='ltr'><em>quae</em></span> <span class='ocrx_word' id='word_1_210' title='bbox 169 2329 290 2394; x_wconf 87' lang='lat' dir='ltr'><em>equitem</em></span> <span class='ocrx_word' id='word_1_211' title='bbox 299 2326 453 2392; x_wconf 82' lang='lat' dir='ltr'><em>vehebant,</em></span> <span class='ocrx_word' id='word_1_212' title='bbox 472 2336 599 2383; x_wconf 78' lang='lat' dir='ltr'><em>servatus</em></span> <span class='ocrx_word' id='word_1_213' title='bbox 610 2336 662 2382; x_wconf 87' lang='lat' dir='ltr'><em>est.</em></span> <span class='ocrx_word' id='word_1_214' title='bbox 697 2329 792 2380; x_wconf 85' lang='lat' dir='ltr'><em>Maior</em></span> <span class='ocrx_word' id='word_1_215' title='bbox 801 2343 866 2396; x_wconf 83' lang='lat' dir='ltr'><em>pars</em></span> <span class='ocrx_word' id='word_1_216' title='bbox 876 2345 894 2380; x_wconf 81' lang='lat' dir='ltr'><em>a</em></span> 
     </span>
     <span class='ocr_line' id='line_1_33' title="bbox 87 2397 893 2465; baseline 0.006 -22"><span class='ocrx_word' id='word_1_217' title='bbox 87 2409 176 2462; x_wconf 87' lang='lat' dir='ltr'><em>puppe</em></span> <span class='ocrx_word' id='word_1_218' title='bbox 190 2400 287 2446; x_wconf 82' lang='lat' dir='ltr'><em>nantes</em></span> <span class='ocrx_word' id='word_1_219' title='bbox 305 2409 392 2464; x_wconf 88' lang='lat' dir='ltr'><em>equos</em></span> <span class='ocrx_word' id='word_1_220' title='bbox 410 2397 480 2448; x_wconf 90' lang='lat' dir='ltr'><em>loris</em></span> <span class='ocrx_word' id='word_1_221' title='bbox 499 2397 635 2449; x_wconf 81' lang='lat' dir='ltr'><em>trahebat.</em></span> <span class='ocrx_word' id='word_1_222' title='bbox 671 2397 800 2459; x_wconf 76' lang='lat' dir='ltr'><em>Atilios,</em></span> <span class='ocrx_word' id='word_1_223' title='bbox 819 2409 893 2465; x_wconf 74' lang='lat' dir='ltr'><em>quos</em></span> 
     </span>
     <span class='ocr_line' id='line_1_34' title="bbox 88 2462 893 2531; baseline 0.002 -19"><span class='ocrx_word' id='word_1_224' title='bbox 88 2469 163 2513; x_wconf 86' lang='lat' dir='ltr'><em>utres</em></span> <span class='ocrx_word' id='word_1_225' title='bbox 174 2467 326 2515; x_wconf 88' lang='lat' dir='ltr'><em>stramento</em></span> <span class='ocrx_word' id='word_1_226' title='bbox 338 2466 438 2531; x_wconf 87' lang='lat' dir='ltr'><em>repleti</em></span> <span class='ocrx_word' id='word_1_227' title='bbox 449 2462 596 2526; x_wconf 84' lang='lat' dir='ltr'><em>vehebant,</em></span> <span class='ocrx_word' id='word_1_228' title='bbox 604 2465 731 2516; x_wconf 84' lang='lat' dir='ltr'><em>obiectae</em></span> <span class='ocrx_word' id='word_1_229' title='bbox 742 2470 818 2515; x_wconf 85' lang='lat' dir='ltr'><em>rates</em></span> <span class='ocrx_word' id='word_1_230' title='bbox 831 2470 893 2516; x_wconf 89' lang='lat' dir='ltr'><em>tue·</em></span> 
     </span>
     <span class='ocr_line' id='line_1_35' title="bbox 86 2529 894 2598; baseline 0.002 -18"><span class='ocrx_word' id='word_1_231' title='bbox 86 2529 195 2581; x_wconf 88' lang='lat' dir='ltr'><em>bantur.</em></span> <span class='ocrx_word' id='word_1_232' title='bbox 231 2531 255 2581; x_wconf 84' lang='lat'><em>5.</em></span> <span class='ocrx_word' id='word_1_233' title='bbox 274 2531 337 2598; x_wconf 84' lang='lat' dir='ltr'><em>lpse</em></span> <span class='ocrx_word' id='word_1_234' title='bbox 350 2547 400 2584; x_wconf 81' lang='lat' dir='ltr'><em>rex</em></span> <span class='ocrx_word' id='word_1_235' title='bbox 417 2548 477 2583; x_wconf 81' lang='lat' dir='ltr'><em>cunr</em></span> <span class='ocrx_word' id='word_1_236' title='bbox 494 2532 611 2584; x_wconf 82' lang='lat' dir='ltr'><em>delectis</em></span> <span class='ocrx_word' id='word_1_237' title='bbox 621 2533 725 2598; x_wconf 89' lang='lat' dir='ltr'><em>primus</em></span> <span class='ocrx_word' id='word_1_238' title='bbox 736 2537 825 2582; x_wconf 88' lang='lat' dir='ltr'><em>ratem</em></span> <span class='ocrx_word' id='word_1_239' title='bbox 836 2529 894 2582; x_wconf 87' lang='lat' dir='ltr'><em>sol·</em></span> 
     </span>
     <span class='ocr_line' id='line_1_36' title="bbox 86 2596 893 2668; baseline 0.002 -22"><span class='ocrx_word' id='word_1_240' title='bbox 86 2598 138 2658; x_wconf 81' lang='lat' dir='ltr'><em>vit,</em></span> <span class='ocrx_word' id='word_1_241' title='bbox 160 2604 189 2648; x_wconf 87' lang='lat' dir='ltr'><em>et</em></span> <span class='ocrx_word' id='word_1_242' title='bbox 200 2597 228 2647; x_wconf 92' lang='lat' dir='ltr'><em>in</em></span> <span class='ocrx_word' id='word_1_243' title='bbox 242 2597 329 2663; x_wconf 88' lang='lat' dir='ltr'><em>ripam</em></span> <span class='ocrx_word' id='word_1_244' title='bbox 344 2600 426 2668; x_wconf 87' lang='lat' dir='ltr'><em>dirigi</em></span> <span class='ocrx_word' id='word_1_245' title='bbox 440 2601 528 2652; x_wconf 86' lang='lat' dir='ltr'><em>iussit.</em></span> <span class='ocrx_word' id='word_1_246' title='bbox 565 2600 616 2651; x_wconf 87' lang='lat' dir='ltr'><em>Cui</em></span> <span class='ocrx_word' id='word_1_247' title='bbox 627 2596 749 2666; x_wconf 76' lang='lat' dir='ltr'><em>Scythae</em></span> <span class='ocrx_word' id='word_1_248' title='bbox 761 2598 893 2650; x_wconf 81' lang='lat' dir='ltr'><em>admotos</em></span> 
     </span>
     <span class='ocr_line' id='line_1_37' title="bbox 88 2665 892 2735; baseline 0 -20"><span class='ocrx_word' id='word_1_249' title='bbox 88 2665 200 2716; x_wconf 86' lang='lat' dir='ltr'><em>ordines</em></span> <span class='ocrx_word' id='word_1_250' title='bbox 220 2667 343 2733; x_wconf 89' lang='lat' dir='ltr'><em>equitum</em></span> <span class='ocrx_word' id='word_1_251' title='bbox 362 2667 390 2717; x_wconf 89' lang='lat' dir='ltr'><em>in</em></span> <span class='ocrx_word' id='word_1_252' title='bbox 406 2669 492 2734; x_wconf 88' lang='lat' dir='ltr'><em>primo</em></span> <span class='ocrx_word' id='word_1_253' title='bbox 510 2668 587 2734; x_wconf 90' lang='lat' dir='ltr'><em>ripae</em></span> <span class='ocrx_word' id='word_1_254' title='bbox 600 2667 726 2735; x_wconf 88' lang='lat' dir='ltr'><em>margine</em></span> <span class='ocrx_word' id='word_1_255' title='bbox 737 2671 892 2735; x_wconf 88' lang='lat' dir='ltr'><em>opponunt,</em></span> 
     </span>
     <span class='ocr_line' id='line_1_38' title="bbox 87 2733 891 2803; baseline -0.001 -21"><span class='ocrx_word' id='word_1_256' title='bbox 87 2738 161 2783; x_wconf 89' lang='lat' dir='ltr'><em>utne</em></span> <span class='ocrx_word' id='word_1_257' title='bbox 173 2733 306 2801; x_wconf 86' lang='lat' dir='ltr'><em>applicari</em></span> <span class='ocrx_word' id='word_1_258' title='bbox 318 2735 427 2803; x_wconf 89' lang='lat' dir='ltr'><em>quidem</em></span> <span class='ocrx_word' id='word_1_259' title='bbox 440 2741 531 2786; x_wconf 79' lang='lat' dir='ltr'><em>terrae</em></span> <span class='ocrx_word' id='word_1_260' title='bbox 544 2739 619 2786; x_wconf 81' lang='lat' dir='ltr'><em>rates</em></span> <span class='ocrx_word' id='word_1_261' title='bbox 634 2740 757 2801; x_wconf 86' lang='lat' dir='ltr'><em>possent.</em></span> <span class='ocrx_word' id='word_1_262' title='bbox 794 2733 819 2784; x_wconf 77' lang='lat' dir='ltr'><em>a.</em></span> <span class='ocrx_word' id='word_1_263' title='bbox 840 2733 891 2782; x_wconf 86' lang='lat' dir='ltr'><em>Ce-</em></span> 
     </span>
    </p>
   </div>
   <div class='ocr_carea' id='block_1_3' title="bbox 0 0 1046 3042">
    <p class='ocr_par' dir='ltr' id='par_1_6' title="bbox 0 0 1046 3042">
     <span class='ocr_line' id='line_1_39' title="bbox 0 0 1046 3042; baseline 0 0"><span class='ocrx_word' id='word_1_264' title='bbox 0 0 1046 3042; x_wconf 95' lang='lat' dir='ltr'><em> </em></span> 
     </span>
    </p>
   </div>
  </div>
 </body>
</html>
