2082 3042
371 134 516 186 LIBER
539 135 619 187 Vlll.
642 138 736 189 GAP.
755 141 779 190 2.
928 139 976 188 all

169 236 258 289 caede
270 235 508 301 commissa,‚iram
518 237 573 287 Dei
582 236 670 287 fuisse
681 237 865 292 manifestam.
890 229 915 290 7.
927 239 977 290 Ce-

170 310 262 355 terum
272 303 363 370 magis
374 318 407 355 eo
419 303 592 366 movebatur,
605 304 681 370 quod
692 307 813 358 omnium
822 306 977 358 amicorum

170 372 281 424 animos
291 371 404 422 videbat
413 373 561 424 attonitos:
572 371 712 422 neminem
721 387 781 422 cum
791 376 853 440 ipso
864 375 976 428 sociare

1 463 2 468 κ
90 479 94 484 .
172 451 329 490 samonem
343 444 444 504 postea
457 454 597 492 ausurum.
633 437 976 505 Virendumessein-soli

171 505 268 567 tudine
279 505 355 558 velut
363 505 443 558 ferae
453 506 571 572 bestiae,
580 507 699 557 terrenti
709 505 790 569 alias,
796 507 868 559 alias
876 511 975 562 timeu-

172 572 203 624 ti.
239 573 263 623 8.
283 572 377 626 Prima
386 573 487 626 deinde
497 573 560 626 luce
574 573 757 625 tabernaculo
772 588 883 641 eorpus,
902 578 976 630 sicut

169 637 263 702 adhuc
273 647 417 694 cruentum
427 647 495 704 erat,
506 641 589 692 iussit
598 641 706 692 inferri.
735 641 797 703 Quo
805 641 899 707 posito
911 651 975 696 ante

169 707 269 775 ipsum,
289 708 413 760 lacrimis
425 707 541 770 obortis,
562 705 652 772 Hono,
669 709 769 774 inquit,
789 707 891 760 nmen
902 725 975 762 meae

168 773 290 842 gratim
310 775 399 840 retuli,
419 775 493 826 ouius
513 773 628 893 duoplii
640 775 713 842 opud
720 773 843 827 Miletum
853 791 907 844 pto
917 792 975 830 meo

167 841 260 911 gloria
271 843 417 895 occubuere
427 851 553 894 mortem:
591 842 723 912 iosrater,
730 843 841 895 ,unicum
851 843 975 896 orbitatis

168 910 304 972 tolonum,
326 926 344 960 o
359 925 400 962 me
412 909 483 962 inter
493 910 582 977 epulas
594 909 694 961 occicus
703 918 755 961 est.-
787 910 813 962 9.
835 909 895 974 Quo
903 927 976 964 oenc

168 993 196 1027 se
207 976 330 1046 conseret
339 977 453 1028 misero?
464 973 592 1028 Omnibus
603 976 658 1029 dos
668 993 736 1030 uuas
744 992 890 1046 supereum,
900 995 976 1046 quem

169 1044 254 1094 tolum
270 1043 361 1112 aequit
377 1044 459 1096 oculis
472 1044 741 1113 cidereooopotert't.
775 1045 876 1115 Etego
886 1061 975 1098 serco-
1000 1090 1002 1093 .
1026 1053 1030 1064 '

170 1117 260 1161 torum
273 1125 392 1164 meorum
404 1113 484 1174 latro,
506 1119 626 1164 revertor
638 1111 667 1163 io
675 1111 806 1181 patriam,
826 1121 857 1165 ut
871 1130 902 1164 ne
913 1115 974 1166 dex·

169 1185 241 1228 tram
257 1177 362 1246 quidem
376 1178 479 1232 nutrici
487 1178 545 1232 eine
555 1180 684 1232 memoria
693 1181 856 1232 calamitotth
866 1181 974 1251 eiuoos·

160 1243 242 1316 serre
247 1246 365 1313 possim?
400 1249 439 1298 lo.
451 1247 488 1298 Et
496 1263 579 1315 quum
589 1248 652 1300 linis
662 1249 785 1300 lacrimis
796 1249 974 1318 querelisque

166 1328 223 1366 non
233 1315 322 1378 tieret,
332 1316 412 1366 iussu
422 1316 574 1368 amicorum
584 1331 685 1384 corpus
696 1317 818 1369 ablatum
829 1321 881 1368 est.
914 1317 974 1369 Rex

166 1379 288 1432 triduum
298 1383 386 1433 iacuit
394 1383 528 1436 inclusus.
565 1385 605 1433 ll.
625 1385 715 1444 Quem
729 1391 761 1436 ut
769 1387 903 1453 armigeri
913 1401 973 1436 cor-

89 1490 93 1500 .
163 1451 298 1516 purisque
320 1451 452 1500 custodes
472 1450 508 1500 ad
527 1451 701 1502 moriendum
719 1451 890 1504 obstinatum
910 1467 973 1506 esse

166 1521 369 1581 cognorerunt,
388 1517 513 1566 universi
532 1518 563 1566 in
580 1517 790 1568 tabernaculum
808 1519 972 1586 irrumpunt,

167 1583 271 1648 diuque
286 1581 416 1648 precibus
428 1583 553 1648 ipsorum
565 1582 732 1634 reluctatum
743 1599 827 1651 aegre
837 1587 973 1650 vicerunt,

168 1654 201 1700 ut
222 1649 314 1699 cibum
334 1656 455 1716 caperet.
492 1651 532 1700 ll.
555 1648 672 1716 Quoque
682 1651 772 1701 minus
784 1652 879 1703 caedis
890 1654 974 1718 pude-

166 1722 219 1778 ret,
239 1717 300 1767 iure
319 1715 499 1767 interiectum
514 1717 617 1768 Clitum
624 1717 797 1769 Macedones
811 1718 973 1785 decernunt,

167 1783 312 1852 sepultura
330 1798 440 1850 quoque
459 1781 637 1850 prohibituri,
657 1785 685 1834 ni
700 1798 750 1834 rex
761 1782 974 1840 humariiussis-

167 1858 218 1903 set.
257 1853 297 1903 13.
318 1852 408 1919 Igitur
418 1852 514 1903 decem
526 1850 624 1902 diebus
634 1851 753 1902 niaximo
764 1852 800 1904 ud
810 1853 973 1908 confirmam-

167 1919 231 1970 dum
241 1920 377 1986 pudorem
389 1919 463 1987 apud
472 1919 642 1972 Maracanda
652 1921 815 1982 consumtis,
823 1935 885 1972 cum
895 1929 973 1988 parte

165 1988 307 2038 exercitus
326 1987 566 2056 Hephaestionem
585 1989 613 2038 in
632 1989 779 2056 regionem
796 1988 973 2042 Bactrianam

165 2055 253 2117 misit,
266 2063 437 2107 commeatus
448 2057 477 2108 in
487 2055 607 2109 hiemem
618 2063 786 2122 paraturum.
824 2057 866 2107 14.
885 2057 973 2119 Quam

163 2121 240 2174 Clito
261 2128 355 2173 autem
375 2121 565 2176 destinaverat
579 2125 758 2193 provinciam,
779 2126 916 2191 Amyntae
927 2124 973 2176 de·

164 2189 214 2241 dit.
251 2189 315 2258 lpse
327 2189 457 2259 Xenippa
475 2196 611 2259 pervenit.
648 2188 780 2258 Scythiae
798 2191 915 2248 confinis
930 2201 974 2244 est

165 2258 255 2324 regio,
276 2256 472 2327 habitaturque
489 2259 616 2326 pluribus
637 2259 877 2325 etfrequentibus
891 2260 971 2322 vicis,
997 2311 998 2314 ,

167 2326 232 2390 quia
241 2325 355 2378 ubertas
366 2332 459 2378 terrae
468 2341 526 2378 non
536 2327 684 2394 indigenas
694 2326 778 2379 modo
790 2326 909 2391 detinet,
921 2328 971 2380 sed

165 2392 250 2450 etiam
265 2391 387 2445 advenas
403 2394 512 2446 invitat.
549 2394 590 2444 li.
609 2393 824 2446 Bactrianorum
835 2397 971 2457 exsulum,

166 2460 213 2524 qui
233 2461 267 2512 ab
281 2459 442 2513 Alexandro
460 2461 632 2524 defecerant,
652 2463 858 2529 receptaculum
869 2463 970 2514 fuerat.

163 2525 220 2578 Sed
231 2534 378 2595 postquam
388 2544 483 2647 regem
495 2529 645 2580 adventare
658 2535 829 2596 compertum
841 2535 898 2593 est3
911 2529 970 2596 pul-

163 2596 188 2645 si
199 2594 232 2646 ab
242 2597 343 2648 incolis
354 2597 380 2648 ll
389 2599 426 2648 mi
440 2598 479 2648 lia
488 2597 548 2648 fere
560 2604 589 2648 et
598 2597 743 2664 quingenti
753 2603 970 2715 conqregentur.

164 2654 205 2713 16.
225 2665 328 2714 Omnes
350 2665 458 2733 equites
479 2671 566 2726 erant,
588 2667 671 2715 etiam
686 2665 715 2716 in
730 2679 799 2732 pace
825 2665 970 2717 atrociuiis
