2048 3034
271 163 419 216 LIBER
444 167 491 219 vl.
521 167 615 220 csP.
644 169 668 220 t.
695 170 720 219 5.
847 167 898 220 239

86 263 203 334 paludis
218 262 334 317 honore
351 269 509 319 mitescere.
546 267 586 319 1⁹.
604 268 842 336 ASoptenrtrione
855 272 897 322 iu·
983 295 989 304 ·

89 347 163 401 gens
181 332 292 384 inlitus
305 348 381 386 mare
396 333 540 397 incumbit,
562 337 702 403 longeque
717 336 897 405 agitfluctus,

7 421 8 426 ¹
87 401 143 452 sed
151 407 341 468 magnupsrte
351 408 519 454 exaestuans
530 408 651 471 stagnat.
670 403 745 456 idern
756 405 811 457 ulio
823 405 900 458 coeli

87 473 168 519 statu
177 467 277 536 recipit
286 469 316 520 in
326 483 357 520 se
367 468 483 532 fretum,
494 470 650 538 eodemque
660 471 777 538 impetu,
790 489 844 538 quo
856 472 896 524 ef-

84 534 184 615 fusum
194 540 246 599 est,
257 535 395 602 relabens,
404 543 509 588 terram
517 546 636 590 naturae
646 551 714 589 suae
724 539 824 590 reduit
858 539 896 592 Et

85 602 897 741 tttttttttththttritttt.exstitistis}

86 738 257 802 dictumest,
268 745 405 808 perpetua
413 739 488 791 valle
498 739 679 791 submittitur.
708 742 750 791 20.
761 740 836 791 Hinc
845 753 897 793 rex

82 804 404 872 ,XXstadiuprocessit
423 808 524 858 semita
534 808 735 874 propemodum
745 808 830 870 invia,
851 808 897 859 cui

86 872 340 935 silvaininehat,
360 879 558 943 torrentesque
574 881 604 926 ot
616 875 725 926 eluvies
738 875 793 927 iter
806 889 897 926 mors-

84 942 198 992 bantur.
233 938 319 992 Nullo
334 947 427 992 umen
437 939 521 993 hoste
535 943 628 1004 obvio,
648 943 817 1010 penetravit3
837 949 898 994 tan·

85 1007 207 1074 demque
229 1006 265 1057 su
283 1007 420 1060 ulteriora
438 1016 600 1076 perventum
620 1017 672 1062 est.
717 1012 759 1060 21.
779 1009 898 1061 Praeter

84 1075 162 1126 alios
176 1080 362 1140 commeatus,
382 1090 500 1143 quorum
512 1083 571 1128 turn
584 1079 667 1145 copia
679 1079 761 1146 regio
773 1079 896 1130 abunde-

83 1143 152 1204 bat,
172 1156 317 1208 pomorum
337 1158 448 1212 quoque
467 1145 567 1213 ingens
586 1147 687 1198 notus
708 1149 846 1208 nascitur,
867 1152 898 1198 et

83 1209 257 1261 uberrimum
268 1211 416 1279 gignendis
427 1215 490 1264 uvis
500 1213 591 1265 solum
601 1220 654 1266 est.
689 1216 731 1265 22.
749 1215 896 1283 Frequens

85 1276 283 1330 arborisciens
292 1293 411 1346 quereus
423 1278 521 1343 hebet,
541 1282 623 1334 cuius
631 1281 703 1334 ielis
711 1283 799 1334 mutto
811 1282 895 1334 melio

84 1345 243 1412 tingunturr
265 1347 316 1398 sed
335 1347 391 1400 nisi
409 1349 479 1402 solis
501 1355 593 1401 ortum
611 1349 723 1402 incolae
740 1365 894 1418 occupare-

84 1413 154 1474 rint,
183 1413 230 1466 rel
246 1414 358 1466 modico
377 1422 477 1482 tepore
497 1432 598 1469 succus
618 1419 815 1486 exstinguitur.
850 1418 893 1469 23.

83 1479 168 1532 XXX
177 1478 242 1532 hine
252 1481 345 1533 stedia
356 1491 552 1548 processerat,
574 1500 657 1551 quum
668 1484 895 1552 Phrataphernes

86 1549 114 1600 ei
128 1549 259 1608 occurrit,
271 1562 357 1616 seque
367 1554 395 1600 et
405 1563 466 1612 eos,
477 1552 526 1618 qui
535 1559 600 1618 post
610 1550 691 1601 Darii
701 1559 821 1604 mortens
831 1567 893 1619 pro-

84 1615 227 1684 fugerent,
238 1613 356 1666 dedens:
378 1617 477 1682 quibas
486 1619 608 1686 henigne
619 1619 758 1687 exceptis,
769 1619 805 1670 ad
816 1619 893 1685 oppi-

85 1683 152 1734 durn
165 1681 255 1734 Arvas
274 1683 409 1748 pervenit.
445 1683 502 1735 Hic
519 1685 547 1736 ei
564 1686 697 1737 craterus
716 1692 745 1737 et
759 1687 896 1802 Eriqqius

85 1755 245 1802 occurrunt
281 1750 322 1802 24.
334 1749 513 1803 Praefectum
523 1753 700 1818 Tapurorum
710 1753 803 1818 gentis
852 1763 895 1802 ra·
909 1769 912 1779 ·

85 1819 180 1870 dotem
200 1817 382 1870 adsuerant.
417 1819 473 1870 Hic
491 1833 603 1887 quoque
616 1820 646 1870 in
660 1819 894 1884 adamaremus,

8 1910 9 1960 q
82 1885 181 1938 multis
200 1886 328 1952 exemplo
348 1885 403 1939 fuit
422 1887 586 1955 experiendi
608 1887 786 1939 clementiam
806 1887 894 1952 regis.

8 1973 9 1996 r
83 1952 127 2006 25.
148 1952 293 2022 Satrapern
303 1955 405 2007 deinde
415 1955 579 2022 Hyrcaniae
590 1955 669 2008 dedit
677 1954 831 2022 Menapinr:
848 1969 895 2006 ex·

8 2057 9 2092 q
83 2021 129 2073 sul
139 2018 185 2070 hic
194 2028 331 2090 regnante
342 2021 422 2074 Ocho
433 2023 469 2074 ad
479 2022 638 2092 Philippum
649 2029 823 2104 pervenerat.
841 2023 895 2074 Ta·
931 2087 939 2097 .

80 2090 915 2227 ”ffithsrtttttttthtittttttttitttu,ss„,

8 2253 9 2264 κ
82 2224 252 2288 Artabazus,
264 2241 345 2294 quern
354 2225 442 2278 Dario
454 2227 618 2280 fidissimum
629 2227 718 2278 fuisse
729 2239 813 2292 supra
823 2225 894 2277 dixi·

8 2309 9 2362 q
82 2307 155 2353 mus,
167 2307 228 2344 cunr
238 2295 402 2362 propinquis
412 2293 494 2346 Darii
505 2310 538 2346 ac
548 2296 606 2346 suis
617 2295 716 2346 liberis
726 2292 892 2362 modicaque

8 2365 9 2377 ¹
84 2359 256 2412 Graecorum
266 2362 385 2414 militum
396 2378 479 2414 uranu
489 2363 620 2414 occurrit.
656 2367 681 2412 z.
701 2360 891 2415 Dextrsmre·

9 2431 10 2488 ξ
81 2427 173 2479 nienti
189 2427 291 2481 obtulit
304 2444 370 2482 rex:
391 2431 493 2498 quippe
504 2437 533 2483 et
543 2429 646 2498 hospes
657 2428 780 2498 Philippi
789 2429 892 2494 fuerat,

9 2491 10 2546 i
83 2510 177 2562 quuur,
189 2494 268 2548 Ocho
279 2505 424 2565 regnante,
437 2499 593 2560 exsularet3
608 2504 638 2549 et
648 2496 762 2565 hospitii
772 2501 893 2566 pignora

80 2561 112 2614 in
120 2577 217 2632 regem
228 2581 307 2616 suurn
318 2565 353 2617 ad
362 2563 488 2618 ultinrunr'
499 2567 569 2618 fides
579 2572 745 2618 conservata
751 2566 891 2618 vincebat.
920 2565 922 2572 '

80 2629 107 2682 8.
127 2632 254 2684 Comiter
262 2633 349 2710 igitur
359 2641 502 2700 exceptus,
526 2633 568 2685 Tu
580 2632 692 2702 quidem,
713 2633 813 2701 inquit,
832 2647 889 2695 ret,

76 2707 212 2768 perpessa
226 2699 363 2767 felecitate
374 2699 488 2768 floreas.
524 2701 599 2772 Ego,
620 2699 894 2763 catarinensem
