2098 3040
26 2861 47 2913 λ

26 2944 60 2990 u

93 209 144 260 too
310 205 482 267 QUINTl
513 205 680 258 cUR'rll

96 309 194 361 animis
208 308 399 359 Macedonum
408 309 571 371 convenire,
593 323 645 359 nec
659 313 779 378 tempori
793 325 894 365 rerum.

94 379 164 430 Esse
176 392 190 426 e
200 375 318 426 Barsine
330 376 418 427 lilium
429 376 518 442 regis:
541 374 605 426 buic
620 377 750 428 diadema
767 377 896 430 dandum.

93 448 135 498 12.
153 443 230 496 Nulli
249 443 378 510 placebat
397 445 496 494 oratio.
526 444 623 510 ltaque
643 460 694 495 suo
715 459 792 496 more
807 444 897 498 hastis

92 513 347 580 scutaquatientes,
360 511 521 578 obstrepere
534 512 758 578 perseverabant.
783 513 897 582 lamque

90 595 177 648 prope
190 579 226 630 ad
237 579 403 630 seditionem
414 585 613 644 pervenerant„
631 578 760 634 Nearcho
772 583 897 648 pervica-

91 649 151 699 cius
162 652 258 698 tuente
272 647 447 698 sententiam.
484 646 525 700 13.
545 647 615 697 Tum
635 647 825 710 Ptolemaeus,
846 647 896 700 Di-

87 731 264 784 gnaprorsue
274 713 432 777 cenobates,
443 713 542 782 inquit,
554 729 621 780 quae
628 713 804 766 Macedonum
813 715 895 784 impe-

90 791 134 834 ret
150 783 237 852 genti,
258 781 383 833 Roxanes
401 781 443 832 ael
454 779 587 832 Bortinae
600 781 695 850 fliius!
714 782 897 835 eninsnomen

91 867 194 918 qnoque
207 850 284 903 Euro
304 865 347 900 am
362 847 448 902 dicere
458 847 576 917 pigebit,
597 849 699 901 maiore
713 867 745 902 ex
755 858 837 918 parte
851 867 895 902 ca-

85 918 165 986 ptivi.
202 919 242 968 14.
290 915 483 968 stcurPersus
498 916 646 979 vicerimus,
667 926 699 968 ut
712 918 748 968 eti
780 918 792 968 i
804 935 897 970 eornm

90 985 250 1038 serviamus!
273 984 345 1052 quod
355 983 421 1035 insti
432 983 473 1035 illi
488 999 564 1052 reges
580 982 684 1036 Darius
698 993 725 1036 et
765 1001 840 1036 eruet
855 994 897 1038 tot

90 1053 200 1105 millium
211 1052 362 1122 agminibus
373 1049 506 1119 tantisque
517 1051 642 1104 classibus
656 1053 835 1120 nequidquam
846 1070 894 1122 pe-

90 1122 215 1173 tiverunt.
252 1120 292 1171 15.
313 1119 375 1171 Mea
385 1119 516 1170 sententia
526 1119 592 1171 baec
602 1127 648 1182 est,
659 1126 698 1183 ut,
709 1121 768 1171 sede
778 1120 895 1173 Alexan-

90 1189 134 1240 dri
150 1189 179 1240 in
199 1188 276 1255 regin
289 1187 394 1254 posita,
415 1186 462 1254 qni
480 1186 594 1238 consiliis
614 1187 668 1238 eius
688 1187 896 1254 adhibebantur,

90 1261 192 1317 coeant,
214 1254 316 1321 quoties
329 1253 358 1304 s'n
375 1269 512 1306 commane
526 1257 645 1306 consulto
660 1255 833 1326 opasfnert't:
854 1274 897 1308 eo-

90 1339 147 1390 que,
183 1320 671 1386 uodmaiorparseorumdecreuerit,
691 1331 776 1374 statuar
782 1341 795 1386 ;
818 1325 898 1377 duces

86 1339 272 1508 praesentique
292 1387 429 1455 copiarum
449 1387 489 1439 bis
505 1396 631 1456 pareant.
669 1390 709 1442 lb.
728 1390 894 1444 Ptolemaeo

89 1459 137 1527 qui
157 1472 210 1519 anr,
230 1457 377 1523 pauciores
388 1455 541 1509 Perdiccae
553 1459 785 1512 assentiebantur.
823 1462 893 1512 Tum

88 1527 234 1578 Aristonus
250 1540 331 1576 orsus
346 1531 389 1576 est
405 1526 507 1588 dicere,
526 1525 712 1578 Alexandrum
727 1528 895 1590 consultum,

90 1596 136 1646 cui
154 1593 327 1661 relinqueret
345 1608 475 1660 regnum,
496 1593 620 1644 voluisse
641 1595 774 1662 optimum
797 1595 893 1663 deligi.

89 1663 242 1714 ludicatum
263 1667 356 1712 autem
373 1661 407 1712 ab
424 1661 485 1727 ipso
503 1663 637 1728 optimum
652 1663 825 1725 Perdiccam,
848 1668 893 1714 cui

89 1731 220 1781 annulum
230 1729 402 1780 tradidisset.
439 1729 479 1779 li.
490 1727 588 1797 Neque
599 1729 672 1780 enirn
682 1741 838 1783 unum'eum
851 1747 895 1782 as-

89 1798 196 1851 sedisse
207 1797 350 1860 morienti3
362 1796 412 1848 sed
423 1796 662 1849 circumferentem
673 1798 781 1862 oculos,
792 1812 826 1849 ex
836 1805 894 1850 tur·
965 1837 967 1843 .
1021 1839 1022 1856 .

89 1868 124 1918 ba
134 1867 286 1916 amicorum
296 1865 445 1932 delegisse,
459 1866 504 1915 cui
514 1865 648 1916 traderet.
667 1864 786 1917 Placere
795 1867 892 1932 igitur,

87 1949 221 1984 summam
231 1933 342 1999 imperii
354 1931 389 1982 ad
399 1931 563 1983 Perdiccam
573 1931 687 1984 deferri.
723 1935 763 1985 18.
774 1931 832 1986 Nec
843 1933 894 1985 du-

87 2002 221 2062 bitavere,
233 2000 299 2066 quin
309 2015 375 2051 vera
385 2005 521 2050 censeret.
556 1999 653 2066 ltaque
663 2001 787 2052 universi
797 2016 896 2068 proce-

88 2071 154 2120 dere
171 2069 201 2119 in
215 2069 335 2118 medium
347 2067 509 2118 Perdiccam
523 2073 551 2118 et
562 2069 638 2136 regis
649 2068 779 2120 annulum
791 2069 895 2122 tollere

87 2136 229 2188 iubebant.
265 2135 409 2186 Haerebat
419 2136 492 2185 inter
501 2135 683 2202 cupiditatem
693 2137 894 2204 pudoremque,

88 2209 117 2255 et
129 2215 182 2271 quo
194 2204 360 2264 modestius,
373 2202 447 2271 quod
458 2202 651 2269 exspectabat,
662 2211 819 2272 appeteret,
831 2219 896 2272 per.

87 2273 210 2322 vicacius
232 2271 377 2323 oblaturos
398 2285 460 2322 esse
481 2271 622 2322 credebat.
660 2273 700 2322 19.
720 2271 894 2339 ltaquecuu·

88 2345 188 2400 ctatus,
210 2339 311 2407 diuque
323 2337 389 2407 quid
399 2344 497 2406 ageret
508 2339 640 2402 incertus,
660 2339 695 2390 ad
712 2340 840 2392 ultimum
852 2347 894 2394 ta-

86 2422 150 2458 men
161 2409 286 2468 recessit,
299 2415 328 2458 et
339 2411 404 2473 post
414 2421 473 2470 eos,
486 2407 532 2474 qui
544 2407 676 2458 sederant
686 2408 816 2474 proximi,
828 2423 895 2460 cou-

88 2476 168 2526 stitit.
206 2475 247 2524 Ἀθ.
266 2476 301 2524 At
310 2474 463 2542 Meleager,
475 2490 544 2525 unus
557 2490 572 2526 e
584 2475 714 2538 ducibus,
726 2476 893 2527 confirmato

88 2544 189 2603 animo,
210 2557 292 2608 quem
301 2541 453 2592 Perdiccae
465 2543 605 2593 cunctatio
618 2549 755 2604 erexerat,
776 2541 834 2594 Nee
844 2541 896 2594 Dii

87 2607 206 2672 naemnt,
227 2609 326 2677 inquit,
346 2617 376 2659 nt
387 2607 535 2661 Alexandri
541 2608 662 2677 fortuna
677 2609 799 2676 tantique
814 2609 896 2680 regni

81 2673 230 2742 fastigium
239 2676 268 2726 in
277 2677 342 2726 istos
352 2675 475 2728 humeros
486 2684 562 2727 ruat:
578 2675 696 2728 bantines
707 2686 777 2728 certe
788 2694 841 2728 non
868 2697 893 2729 e·

88 2748 156 2791 rent.
193 2741 270 2792 Nibs'l
279 2743 336 2794 dico
348 2744 378 2793 de
388 2743 570 2804 nobilioribus,
593 2759 671 2811 queam
684 2743 728 2796 bic
738 2753 784 2808 eet,
806 2761 833 2796 ee
863 2744 895 2796 de
