2082 3042
106 253 157 305 828
324 247 496 311 QUINTI
528 249 696 301 cUR'rtl

106 353 157 412 bis,
173 349 271 401 diutius
284 352 345 412 tuli,
361 367 441 418 quam
455 351 497 402 ille
510 351 600 402 eadem
610 367 650 400 me
661 351 789 401 dicentem
800 349 916 404 tulisset.

106 421 130 470 8.
145 417 410 498 nemorosumque
426 415 564 498 sternentia
577 416 806 496 non'innipsorum
822 419 914 482 modo,

105 486 240 538 sedetiam
249 501 278 535 m
289 486 404 564 nidorum,
416 502 461 552 qut
467 493 574 564 parent,
585 491 762 551 ingessissem
772 491 818 534 est.
858 481 914 536 ot-

105 553 195 620 sepuio
206 551 367 620 mitigaretur
378 567 505 620 imperio.-
521 551 568 602 ubi
582 567 643 601 uero
661 549 810 605 reuerentia
825 568 913 604 esces-

104 619 140 671 sit
152 618 248 670 animis
264 628 291 670 et
301 635 403 670 summa
415 619 475 670 imis
488 616 687 688 confundimus,
701 616 729 668 ri
737 633 802 684 opus
813 627 865 678 est,
881 629 915 670 at

104 687 156 738 uim
167 689 330 754 repellamus.
366 686 390 736 9.
402 685 455 738 Sed
465 685 528 752 quid
537 702 586 753 ego
598 685 692 748 mirer,
708 683 788 735 istum
798 686 912 737 erudeli-

105 763 187 806 tatem
199 753 266 805 miln'
283 753 418 816 obiecisse,
440 753 486 821 qui
497 751 647 805 avaritiam.
655 751 818 819 exprobrare
831 768 915 804 ausus

104 822 155 872 sit?
189 819 258 873 Nolo
270 820 389 889 singulos
402 823 519 872 oestrum
533 819 663 882 excitare,
677 836 709 870 ne
722 818 835 869 inuisam
845 820 912 871 libe-

105 889 241 940 reticerem
251 887 463 957 rneansfaciam,
482 886 507 938 si
513 887 616 953 pudori
624 894 710 938 aestro
742 885 912 954 raoemfece-

105 971 145 1006 ro.
184 954 282 1008 Totum
293 955 438 1006 exercitum
452 953 594 1020 adspicite:
607 953 656 1020 qui
664 901 755 1019 peruiis
772 961 834 1004 unte
845 954 920 1006 niort

100 1031 212 1088 praeter
230 1039 307 1074 arma
326 1021 455 1082 dedebat,
474 1037 544 1072 nune
566 1020 701 1088 argenteis
721 1021 803 1071 cubat
820 1021 912 1084 lectis‚·

103 1105 206 1142 mensas
217 1107 284 1142 auro
296 1097 427 1150 onerant,·
441 1104 540 1157 greges
549 1101 684 1139 serrorum
695 1087 811 1147 ducunt‚·
824 1089 912 1154 spolia

104 1157 135 1207 de
150 1156 268 1209 dormias
286 1155 416 1208 sustinere
428 1172 483 1207 nou
495 1163 617 1222 possunt.
658 1157 696 1207 10.
713 1155 752 1205 As
766 1153 834 1206 enim
845 1154 910 1207 Pera

102 1239 160 1285 sae,
182 1240 246 1289 quos
264 1222 384 1283 uicimus,
406 1222 435 1273 in
449 1237 548 1290 magno
561 1221 664 1273 donare
681 1230 744 1273 sunt
763 1223 835 1288 apud
853 1224 911 1274 me!

102 1289 235 1355 Equidem
250 1288 440 1340 moderationis
453 1305 527 1339 meae
541 1288 714 1340 certissimum
724 1288 852 1340 indicium
862 1299 911 1353 est,

103 1356 176 1423 quod
188 1371 221 1407 ne
234 1354 311 1407 uictis
326 1355 429 1422 quidem
442 1356 553 1422 superbe
565 1355 675 1422 impero.
718 1355 785 1406 Veni
799 1357 912 1424 enimin

102 1421 194 1473 Asiam
199 1459 208 1485 ,
226 1439 280 1474 nore
290 1421 452 1491 adfunditur
462 1431 605 1474 everterem
613 1432 719 1490 gentes,
736 1440 783 1474 nec
792 1431 822 1472 ut
832 1423 911 1474 dimi-

101 1489 173 1542 diam
178 1499 286 1557 partem
298 1498 432 1541 terrarum
443 1489 610 1541 solitudinem
615 1489 740 1560 facerem
745 1508 758 1551 ;
775 1491 822 1540 sed
833 1499 866 1541 ut
878 1492 910 1542 it-

100 1558 140 1609 los
150 1573 266 1625 quoque,
284 1573 348 1625 quos
365 1557 429 1608 bello
443 1557 614 1624 sategissem,
629 1556 758 1608 uictoriae
773 1573 845 1608 eneae
855 1575 912 1610 non

99 1625 256 1690 poeniteret.
294 1627 334 1674 ll.
352 1624 448 1692 Itaque
457 1624 725 1687 militantoobiscum,
734 1641 785 1690 pro
795 1625 910 1690 imperio

101 1701 187 1744 aestro
197 1691 495 1761 sanguiuemfieuduut‚
517 1691 564 1758 qui
570 1692 679 1759 superbe
689 1690 779 1742 debiti
787 1691 910 1744 rebellas-

101 1768 166 1811 sent.
180 1773 184 1779 ·
204 1757 266 1811 Nou
276 1768 316 1812 est
330 1759 458 1810 diuturna
466 1758 610 1828 possessio,
630 1758 658 1810 in
674 1775 753 1826 quam
763 1758 857 1827 gladio
867 1760 909 1810 in-

101 1825 238 1878 ducimur:
259 1825 447 1895 beneficiorum
455 1826 551 1894 gratia
563 1825 723 1893 sempiterna
737 1835 784 1877 est.
821 1827 915 1888 12⁴Si

102 1893 200 1947 habere
209 1893 310 1956 Asiam,
326 1899 380 1945 non
391 1893 515 1955 transire,
527 1895 654 1956 uolumus,
673 1909 730 1945 cum
741 1892 782 1944 tte
792 1909 908 1945 commu-

102 1961 218 2013 nicanda
227 1969 267 2012 est
275 1967 368 2012 nostra
379 1960 530 2012 clementia:
541 1959 636 2010 luorum
641 1959 712 2028 fides
722 1959 817 2011 stabile
828 1969 897 2012 etue

102 2026 301 2098 ternumfaciet
309 2026 457 2106 imperium.
493 2027 602 2078 Eteone
609 2028 670 2094 plus
680 2022 814 2090 dedemus,
828 2044 910 2094 quam

101 2096 226 2162 cupimus.
259 2093 427 2155 ‚lmaoaottte
443 2101 530 2145 autem
545 2095 678 2146 auaritiae
692 2103 743 2157 est,
761 2095 849 2146 adduc
857 2094 909 2146 im·

96 2163 171 2226 plere
180 2164 251 2224 veile,
264 2161 335 2229 quod
343 2161 397 2212 ium
408 2160 577 2229 circumfluit.
616 2163 654 2213 13.
675 2159 854 2213 Veruntamen
865 2179 910 2214 eo-

100 2244 159 2279 rum
169 2229 294 2282 maresia
306 2227 467 2280 Macedonas
478 2227 653 2299 transfundo!
688 2229 721 2281 In
735 2228 824 2280 multis
838 2227 908 2281 enim

98 2296 224 2358 gentibus
234 2313 287 2348 esse
297 2296 381 2360 oideo,
393 2313 460 2376 puae
469 2313 523 2347 non
533 2296 716 2349 erubescamus
727 2295 845 2348 imitari:
859 2313 910 2349 nec

101 2357 179 2410 aliter
190 2369 295 2412 tontum
305 2364 445 2431 imperium
454 2372 516 2430 apte
526 2363 688 2431 compotem,
696 2379 774 2432 quam
784 2371 817 2414 ut
825 2379 907 2430 quae-

101 2425 161 2475 dam
173 2432 200 2476 et
208 2428 346 2480 tradamus
355 2430 414 2492 iilis,
425 2439 452 2482 et
462 2430 495 2482 ab
505 2429 597 2481 iisdem
606 2431 745 2483 discamus.
782 2432 822 2481 14.
836 2429 915 2482 moa
920 2442 924 2448 ’

95 2508 184 2558 paene
198 2489 306 2556 dignum
320 2496 376 2546 risu
383 2496 457 2564 ficit,
474 2497 713 2564 quodHermotous
723 2496 881 2564 postulabat
891 2515 910 2550 a

101 2574 153 2619 ene,
167 2566 346 2610 utooersarer
359 2561 459 2626 Iouem,
475 2562 548 2614 caius
563 2566 671 2614 ardendo
683 2580 825 2632 effossor.
862 2565 910 2617 An

76 2667 85 2672 -
101 2623 189 2686 ‘iiam’
202 2621 266 2689 quid
273 2618 517 2700 Diisespondeeot,
530 2629 558 2678 in
568 2644 627 2680 mea
632 2639 767 2710 potestate
777 2633 832 2683 est?
850 2627 907 2684 Ob·

100 2687 271 2744 cautorum
279 2687 338 2765 flfii
353 2692 432 2745 midi:
452 2695 509 2747 recs'
526 2712 577 2756 ere,
592 2694 751 2762 spossrebus,
769 2714 836 2766 quas
845 2698 910 2767 agi-

101 2773 168 2820 snas,
184 2747 258 2828 paud
271 2755 386 2806 alseuum
394 2759 464 2825 fuit.
502 2711 612 2812 floream
627 2761 691 2816 Iudi
701 2781 805 2833 quoque
815 2763 910 2818 Deum

255 2937 384 3014 Α
