2082 3042
108 186 170 243 ,⁸14
335 184 510 246 eururr
538 183 719 248 cua'rrr

119 303 182 342 eum
192 287 279 350 soliti,
290 285 462 349 defecerant,
472 292 585 352 praeter
595 283 762 353 Philippum.
798 284 823 334 L
845 285 925 336 sima-

119 354 165 408 chi
176 362 236 406 erat
246 353 343 418 trater,
363 360 422 406 tum
432 355 549 421 primum
560 353 686 415 adultus,
704 358 741 414 et,
757 367 811 419 quo
841 350 925 402 facile

119 429 276 490 appareret,
294 423 398 473 indolis
418 436 508 475 rarae.
545 421 586 472 36.
608 422 634 472 ls
644 421 741 488 pedes,
760 418 926 470 incredibile

120 490 206 553 dictu,
212 505 262 558 per
271 489 297 540 1)
309 491 401 540 stadia
410 496 518 540 vectum
529 503 626 556 regem
637 489 786 538 comitatus
797 493 855 551 est3
866 501 914 537 sae

119 573 153 626 pe
165 573 266 624 equum
278 573 357 608 suurn
369 556 506 608 offerente
517 553 702 623 Lysimacho,
721 570 774 606 nec
787 560 881 606 tamen
896 562 928 605 ut

119 625 316 694 digrederetur
326 639 342 676 a
351 639 419 692 rege
430 625 502 675 effici
513 624 614 691 putuit,
620 639 703 690 quum
712 622 803 673 lorica
812 621 926 672 indutus

119 707 196 744 arima
210 699 344 761 gestaret.
381 693 422 744 37.
440 692 527 755 ldem,
565 707 630 743 uum
639 696 801 756 perventum
812 695 890 741 esset
898 691 927 739 in

118 762 235 825 saltum,
246 761 276 811 in
287 775 341 829 que
354 775 385 811 se
393 759 507 811 barbari
518 707 692 820 aquiderant,
703 757 828 808 nubilem
838 756 928 808 edidit

118 845 251 896 pugnam3
270 843 422 895 regemque
438 828 564 879 cuminus
582 842 645 878 cum
655 824 736 876 lrcste
749 825 926 876 dimicantem

119 897 251 964 protexit.
288 897 330 948 38.
351 895 407 948 Sed
417 902 565 963 postquam
574 893 687 945 barbari
697 893 726 944 in
736 892 832 960 fugam
843 891 926 944 effusi

119 965 270 1016 deseruere
282 964 376 1026 silvas,
398 964 516 1026 animus,
537 963 622 1030 quiin
633 961 735 1012 ardore
745 975 855 1028 pugnae
866 975 944 1024 coc,

117 1047 169 1098 pus
193 1037 413 1094 sustentaverat,
444 1031 540 1098 liquit;
571 1029 721 1095 subitoque
741 1043 777 1081 ex
797 1027 925 1080 omnibus

117 1099 249 1151 membris
259 1096 376 1164 profuse
387 1100 506 1161 sudore,
517 1097 626 1148 arboris
638 1097 784 1165 proximae
795 1096 885 1162 stipiti
895 1109 925 1146 se

117 1167 260 1232 applicuit.
284 1165 326 1216 39.
337 1166 447 1217 Deinde
458 1182 492 1218 ne
503 1165 554 1217 illc
565 1165 677 1233 quidem
687 1164 856 1216 adminiculo
867 1179 926 1214 sus-

116 1235 239 1294 tinente,
259 1231 386 1283 manibus
401 1237 479 1301 regis
493 1239 627 1299 exceptus
638 1238 691 1294 est,
705 1233 779 1282 inter
789 1247 856 1297 ques
869 1231 927 1282 cel·

116 1301 211 1365 lapsus
222 1299 419 1365 exstinguitur.
455 1301 497 1351 ie.
511 1300 652 1350 Moestum
662 1315 759 1367 regem
770 1299 841 1350 alius
852 1295 928 1350 haud

115 1365 186 1416 levis
197 1365 279 1415 dulor
290 1367 408 1433 excepit.
441 1367 574 1434 ErIgyius
584 1369 658 1419 inter
667 1367 760 1419 clares
770 1366 857 1419 duces
868 1365 926 1418 iue-

115 1439 171 1497 rat,
193 1447 274 1500 quem
290 1435 458 1486 exstinctum
473 1450 535 1486 esse
552 1434 633 1500 paulo
646 1442 793 1502 antequam
803 1442 927 1486 reverte·

116 1507 194 1552 retur
203 1502 232 1551 in
244 1507 346 1564 castra,
358 1504 500 1570 cognem't.
536 1502 687 1568 Utriusque
698 1501 782 1554 funus
794 1503 871 1554 omni
879 1517 926 1568 ap·

115 1575 216 1635 paratu
226 1575 310 1635 atque
321 1567 430 1622 honore
442 1570 612 1622 celebratum
624 1576 676 1620 cst.

145 1635 213 1686 ⁴111.
233 1635 328 1688 Dahas
350 1638 451 1688 deinde
471 1643 610 1689 statuerat
623 1645 732 1703 petere:
752 1636 792 1687 ibi
808 1651 926 1704 namque

111 1702 306 1770 Spitamenem
317 1719 380 1756 esse
392 1711 571 1773 cognoverat.
608 1705 664 1756 Sed
674 1703 745 1755 hanc
756 1717 869 1772 queque
880 1718 927 1755 ex-

115 1772 297 1839 peditionem,
309 1779 340 1823 ut
351 1773 485 1841 pleraque
497 1773 561 1835 alia,
575 1771 702 1835 fortuna,
713 1771 888 1838 indulgendo
900 1772 927 1823 ei

115 1855 254 1907 nunquam
266 1838 397 1906 fatigata,
417 1855 467 1908 pro
480 1842 596 1892 absente
607 1841 753 1906 transegit.
790 1841 815 1889 2.
835 1838 936 1906 Spita·'

114 1921 210 1958 menes
221 1909 316 1958 uxoris
327 1909 479 1960 immodice
490 1922 584 1959 amore
595 1905 631 1958 ssa
668 1907 745 1969 abat;
766 1921 856 1975 quam,
880 1921 928 1957 ae-

115 1989 165 2042 gre
184 1973 279 2092 fugam
301 1980 329 2025 et
348 1991 421 2027 neva
441 1975 558 2027 subinde
580 1975 639 2026 exsi
653 1975 681 2025 ia
695 1975 875 2038 tolerantem,
898 1976 927 2025 in

115 2056 197 2092 omne
238 2042 368 2093 iscrimen
390 2044 520 2095 comitem
533 2041 672 2094 trahebat.
708 2040 928 2094 illamalisfati-

115 2109 342 2176 gataidentidem
353 2110 502 2162 muliebres
513 2109 646 2162 adhibere
656 2109 816 2169 blanditias,
825 2115 858 2159 ut
866 2116 927 2160 tan·

115 2177 178 2228 dem
193 2177 289 2244 fugam
303 2179 431 2241 sisteret,
452 2181 622 2245 victorisque
638 2177 789 2228 Alexandri
805 2176 928 2227 clemen-

114 2245 183 2295 tiam
202 2251 343 2310 expertus,
364 2247 490 2312 placaret
509 2261 590 2312 quem
605 2244 730 2312 effugere
748 2259 805 2294 nen
815 2251 926 2310 posset.

115 2311 139 2360 a.
159 2312 230 2362 Tres
242 2313 330 2364 adulti
341 2321 420 2364 erant
430 2314 513 2365 liberi
524 2329 559 2365 ex
578 2329 611 2366 eo
628 2313 730 2380 geniti:
751 2325 822 2378 quos
840 2327 926 2379 quum

114 2378 225 2443 pectori
235 2381 322 2445 patris
333 2381 516 2444 admovisset,
536 2387 568 2432 ut
576 2381 675 2432 saltam
687 2395 784 2431 eorum
794 2379 928 2430 misereri

113 2443 329 2510 velleterabat,
341 2454 370 2498 et
381 2463 435 2515 quo
446 2450 618 2500 efficaciores
630 2454 725 2500 essent
733 2444 928 2515 preces,haud

114 2512 214 2579 procul
225 2518 286 2564 erat
294 2515 460 2567 Alexander.
491 2517 516 2567 4.
530 2516 589 2576 ille,
603 2530 633 2566 se
643 2515 735 2582 prodi,
746 2529 803 2564 nen
814 2514 928 2564 moneri

114 2585 202 2642 ratus,
224 2586 252 2631 et
265 2580 373 2634 formae
388 2582 517 2650 prolecto
529 2585 632 2635 fiducia
642 2597 743 2650 cupere
755 2595 817 2632 eam
829 2595 927 2648 quam·

114 2647 231 2712 primum
240 2647 305 2700 dedi
315 2650 484 2714 Alexandro,
506 2652 648 2701 acinacem
665 2651 788 2711 strinxit,
809 2663 927 2716 percus·

115 2727 196 2765 surus
207 2730 335 2780 uxerem,
356 2720 410 2769 nisi
421 2718 577 2786 prohibitus
589 2725 665 2769 esset
673 2717 790 2769 fratrum
802 2717 865 2767 eius
876 2729 928 2768 oc·
