2054 3030
117 175 164 225 132
336 169 506 232 QUINTI
534 167 698 221 CUR'l'll
783 157 784 160 ¹

117 285 147 326 ut
156 290 288 325 summam
296 271 454 323 adhibuerit
464 288 565 334 curam,
581 287 614 321 ne
625 271 686 338 quis
697 270 806 336 captivo
818 283 923 334 corpo·

114 344 138 393 ri
154 342 298 393 illuderet:
319 341 360 390 23.
377 355 485 392 omnem
499 339 600 390 cultum
611 339 689 389 reddi
701 337 811 388 leminis
822 337 923 386 iussit:

114 423 166 460 nee
186 409 333 476 quidquam
355 423 390 458 ex
410 409 541 475 pristinae
561 405 690 457 fortunae
710 403 925 470 magnificentia

115 477 248 543 captivis,
263 485 374 544 praetor
386 475 524 534 fiduciam,
535 473 633 526 deluit.
669 475 710 522 24.
731 473 826 537 ltaque
842 470 924 537 Sysi-

113 543 231 661 ssambis,
244 561 299 606 rex,
312 544 410 611 inquit,
422 539 539 602 mereris,
549 549 581 592 ut
590 557 621 592 eo
627 555 767 608 precemur
777 536 834 599 titi,
852 554 924 604 quae

144 610 202 662 urio
217 621 308 662 nostro
325 610 457 678 quondum
468 617 597 675 precatae
611 624 713 659 sumus:
733 615 770 668 et,
787 614 819 656 ut
833 605 923 668 rideo,

114 677 210 746 diguus
225 696 263 742 er,
287 679 333 746 qui
346 685 450 729 tantum
460 693 550 746 regem
560 693 614 727 non
617 675 754 746 felicitate
763 675 861 736 tolum,
875 675 927 724 sed

114 747 194 798 etium
207 745 342 814 aequitate
358 746 532 812 superaveris.
569 745 611 794 25.
633 741 674 794 Tu
693 743 796 810 quidem
806 749 925 792 matrem

114 823 192 864 meet
205 813 328 882 reginum
343 829 436 864 vocuo.-
454 815 501 864 scd
512 830 563 881 ego
577 829 618 862 me
633 820 706 862 tuum
712 810 850 890 samolum
866 824 924 860 esse

114 881 253 950 confiteor.
290 880 331 932 Et
335 880 501 946 praeteritae
505 881 640 948 fortunae
643 875 884 948 foragiumcopio,
897 887 923 927 et

109 948 259 1017 praesentit
270 947 363 1015 iugum
370 948 556 1014 patipomum:
568 957 615 998 tuu
625 946 881 1012 instauramentum
892 945 924 995 ia

113 1033 161 1067 uos
175 1015 288 1076 licuerit,
309 1014 333 1081 qi
343 1015 469 1080 idpote'ur
485 1015 632 1077 clementio,
648 1029 727 1081 quam
740 1011 861 1074 saevitia,
879 1012 923 1064 vio

113 1101 167 1134 erse
178 1091 311 1134 testatum.
347 1083 405 1132 Rex
416 1082 519 1134 bonum
530 1084 650 1135 animum
660 1081 762 1133 habere
773 1080 921 1132 easiussit.

112 1151 154 1202 26.
173 1150 254 1200 Darii
265 1150 365 1201 deinde
376 1149 462 1200 tilium
471 1152 545 1202 oollo
558 1168 608 1204 suo
620 1151 751 1202 admovit.
779 1150 868 1214 Atque
879 1149 922 1198 ni-

112 1216 154 1267 hil
162 1217 211 1266 ille
223 1224 375 1282 conspectu
385 1223 451 1267 tunc
468 1219 585 1285 primum
601 1233 617 1268 a
629 1234 660 1270 se
676 1219 729 1268 visi
739 1217 922 1278 conterritus,

113 1286 250 1334 cervicem
261 1285 320 1335 eius
331 1284 457 1336 manibus
468 1287 653 1352 amplectitur.
683 1286 777 1336 Motus
789 1299 857 1352 ergo
870 1299 923 1334 rex

113 1351 272 1402 constantia
281 1353 368 1418 pueri,
383 1352 622 1418 Hephaestionem
637 1356 757 1415 intuens,
774 1369 853 1418 quum
867 1355 920 1403 oel-

111 1420 170 1480 lem,
180 1419 279 1484 inquit,
291 1417 392 1470 Durius
402 1420 506 1487 aliquid
514 1437 547 1472 ex
557 1420 608 1472 leuc
616 1420 704 1472 indole
715 1419 858 1471 instauret!
876 1423 921 1471 27.

112 1489 183 1538 Tum
193 1486 373 1539 tabernaculo
386 1503 529 1554 egressus,
545 1490 634 1541 tribus
646 1491 702 1540 aris
713 1489 741 1539 in
752 1490 813 1555 ripa
824 1487 924 1541 Pinari

111 1556 210 1615 amnis,
225 1555 283 1607 lovi
295 1562 377 1622 atque
387 1555 504 1607 Herculi
513 1557 710 1624 Minervaeque
722 1557 849 1618 sacratis,
869 1555 923 1624 Sy·

108 1622 180 1673 riam
196 1625 266 1690 petit
272 1640 278 1684 3
297 1623 473 1687 Damascum,
488 1624 535 1676 ubi
550 1627 627 1692 regis
638 1640 709 1692 gaza
721 1631 790 1686 erat,
807 1625 922 1676 Parme·

92 1692 195 1742 ’trione
226 1692 370 1744 raemisso.

161 1708 235 1810 Xlii.
253 1761 340 1826 Atque
352 1761 385 1822 is,
397 1776 479 1827 quum
487 1763 676 1827 praecessisse
686 1760 765 1810 Darii
778 1766 922 1826 satrapam

110 1829 301 1894 comperisset,
322 1831 437 1890 veritus,
458 1843 492 1879 ne
509 1831 634 1894 paucitas
649 1843 762 1878 suorum
774 1841 922 1892 spernere-

109 1902 164 1956 tur,
176 1910 320 1946 accersere
330 1896 464 1946 maiorem
475 1912 584 1946 manum
595 1897 701 1946 statuit.
738 1897 763 1946 2.
776 1895 831 1946 Sed
842 1895 921 1946 forte
1012 1919 1013 1922 ¹

108 1964 137 2012 in
150 1963 343 2028 exploratores
355 1963 388 2014 ab
401 1977 436 2013 eo
446 1964 922 2030 praemissoslnoiditnationeMar-

110 2030 174 2092 dus,
195 2032 242 2098 qui
254 2031 288 2080 ad
298 2031 510 2083 Parmenionem
520 2033 684 2097 perductus,
700 2031 798 2082 literas
808 2032 845 2082 ad
855 2031 933 2082 Ale:

108 2099 254 2160 xandrum,
266 2098 435 2164 apraelecto
452 2099 582 2151 Damasci
591 2100 702 2161 missas,
712 2099 800 2150 tradit
810 2101 849 2162 εἰς
865 2113 922 2150 nee

110 2163 237 2216 dubitare
248 2167 389 2232 eum‚quin
402 2181 510 2218 omnem
522 2170 628 2286 reqiam
640 2166 843 2234 supellectilem
855 2181 923 2219 sum

109 2235 228 2296 pecunia
237 2232 371 2296 traderet,
382 2234 493 2286 adiecit.
522 2236 546 2287 3.
586 2237 720 2297 amrenio,
731 2235 872 2286 asservari
883 2249 921 2286 eo

107 2299 195 2360 iusso,
208 2301 303 2350 literas
315 2303 416 2366 aperit:
431 2305 459 2353 in
471 2307 531 2370 quis
543 2310 604 2355 erat
613 2303 755 2370 scriptum,
768 2310 799 2354 ut
807 2309 922 2355 mature

107 2364 264 2416 Alexander
274 2368 393 2434 aliquem
405 2387 440 2422 ex
450 2371 566 2423 ducibus
577 2373 635 2424 suis
646 2371 780 2432 mitteret,
788 2387 849 2422 oum
860 2385 921 2422 ma-

107 2449 145 2482 nu
156 2434 265 2499 exigua.
299 2436 396 2503 ltaque
407 2440 571 2506 recognita,
583 2440 712 2491 Mardum
724 2439 796 2490 datis
807 2441 908 2490 comiti

106 2501 207 2552 husati
227 2503 398 2568 proditorem
413 2509 537 2557 remittit.
573 2508 634 2571 lile,
649 2523 664 2558 e
678 2507 805 2558 manibus
821 2513 921 2558 custo·

106 2569 239 2619 dientium
260 2571 370 2636 lapsus,
389 2574 554 2625 Damascum
570 2582 634 2626 ants
650 2575 742 2625 lucem
755 2576 852 2625 intrat,
890 2573 918 2626 Ε.

107 2637 280 2687 Turbaverat
298 2653 332 2687 ea
350 2654 395 2690 res
410 2641 601 2692 Parmenionis
616 2645 736 2700 animum
750 2642 870 2692 insidias
882 2643 919 2694 ti-

107 2705 220 2767 mentis3
232 2711 261 2754 et
270 2706 395 2771 ignotum
405 2710 460 2758 iter
470 2710 529 2760 sino
540 2710 610 2760 duee
621 2725 677 2761 non
688 2707 810 2761 audebat
819 2709 920 2778 ingro-
