2098 3040
69 213 119 266 m
285 168 457 270 QUID'H
486 209 655 262 cunrll

69 318 220 372 sumserat;
238 325 351 361 aereum
363 311 507 377 clypeum,
518 309 640 371 hastam,
650 325 733 376 quam
742 311 877 360 amissam

67 387 179 440 vocant,
189 377 271 429 laeva
280 384 389 440 tenens,
399 378 498 429 dextra
507 377 645 428 lanceam:
656 375 808 442 gladioque
818 377 877 425 eiu·

68 452 139 506 otus,
151 444 230 495 velut
241 461 302 496 erun
312 445 439 511 pluribus
450 445 534 495 simul
543 445 734 494 dimicaturus.
752 445 794 494 20.
804 441 876 492 Dio-

68 514 178 580 xippus,
199 511 264 562 oleo
284 513 376 563 nitens
398 519 428 562 et
446 519 606 573 coronatus,
625 511 708 561 laeva
724 511 876 577 puniceum

69 579 231 641 amiculum,
261 579 374 630 dextra*
387 578 508 630 validum
536 579 728 644 nodosumque
751 578 877 645 stipitem

68 645 255 713 praeferebat.
290 647 333 696 Ea
344 649 406 711 ipsa
419 647 465 696 res
477 649 600 696 omnium
611 647 718 696 animos
730 652 876 710 exspecta-

69 713 147 764 tione
157 713 353 781 suspenderat:
373 714 475 780 quippe
488 719 594 763 armato
611 713 746 779 congredi
760 713 875 773 nudum,

69 781 222 842 dementia,
233 797 289 832 non
299 781 456 842 temeritas,
466 781 621 831 videbatur.
656 782 698 829 21.
717 780 807 846 igitur
815 777 878 828 Ma·

69 849 149 910 cedo,
170 848 245 899 haud
264 847 364 898 dubius
381 846 621 899 eminus'interlici
634 861 728 915 posse,
748 846 877 896 lanceam

70 917 176 979 emisit3
197 931 279 983 quarn
293 915 450 981 Dioxippus
470 930 553 981 quum
573 917 675 981 exigua
688 913 817 979 eorporis
828 914 876 963 de·

69 983 221 1034 clinatione
230 983 359 1044 vitasset,
373 990 520 1049 antequam
529 981 580 1032 ille
591 980 700 1032 hastam
708 981 877 1031 transferret

68 1051 98 1100 in
122 1050 257 1113 dextram,
276 1050 395 1111 assiluit,
417 1056 445 1100 et
463 1049 558 1115 stipite
572 1049 692 1100 mediani
707 1063 768 1098 eam
777 1046 874 1114 fregit.

69 1119 111 1168 22.
129 1121 239 1169 Amnso
251 1124 370 1184 utroque
382 1117 449 1178 telo,
469 1117 588 1168 Macedo
603 1116 727 1184 gladium
741 1123 878 1182 coeperat

68 1184 216 1252 stringere.
252 1185 350 1246 Quem,
362 1191 528 1250 occupatum
538 1184 694 1250 complexu,
704 1182 823 1251 pedibus
833 1197 878 1232 re·

69 1259 152 1319 pente
163 1251 316 1313 subductis,
334 1251 491 1318 Dioxippus
503 1252 633 1302 arietavit
642 1253 671 1302 in
681 1258 794 1313 terram,
814 1265 876 1300 ere·

70 1326 174 1386 ptoque
185 1317 293 1382 gladio,
306 1317 406 1382 pedem
416 1332 501 1383 snper
512 1319 649 1369 cervicem
659 1319 778 1370 iacentis
787 1318 878 1385 impo-
894 1365 898 1372 .

71 1385 140 1446 sirit,
160 1383 282 1449 stipitem
296 1385 449 1446 intentans,
471 1385 646 1452 elisurusque
660 1402 695 1438 eo
710 1387 826 1446 rictum,
848 1385 878 1435 ni

70 1449 227 1519 prohibitus
238 1458 314 1502 esset
325 1467 342 1501 a
350 1467 427 1518 rege.
463 1453 508 1503 23:
516 1453 619 1504 Tristis
630 1453 784 1520 spectaculi
794 1467 877 1503 even-

70 1529 126 1583 tus,
145 1534 200 1570 non
217 1519 419 1571 Macedonibus
434 1521 531 1583 modo,
554 1521 604 1572 sed
618 1523 703 1572 etiam
715 1520 876 1571 Alexandro

70 1586 263 1650 adamantina
274 1591 339 1654 quia
348 1588 461 1639 barbari
471 1587 622 1639 affuerant:
640 1590 741 1656 quippe
752 1587 877 1639 celebra-

70 1653 318 1706 tamMaeedonum
327 1653 521 1706 fortitudinem
532 1656 567 1706 ad
578 1657 728 1707 ludibrium
737 1655 875 1707 recidisse

72 1721 257 1790 [verebatur].
294 1723 334 1772 ²4.
354 1722 427 1773 Hinc
439 1723 473 1774 ad
484 1724 706 1776 criminationem
716 1724 875 1775 invidorum

70 1789 221 1857 adapertae
237 1795 302 1841 sunt
314 1805 396 1841 aures
407 1791 493 1858 regis.
529 1791 565 1842 Et
573 1797 638 1857 post
647 1807 752 1860 pancos
763 1792 823 1842 dies
833 1793 875 1840 in-

68 1867 115 1908 ter
132 1857 228 1924 epulas
251 1872 364 1908 aureum
384 1858 515 1924 poculum
531 1873 566 1908 ex
577 1860 733 1926 composito
745 1859 874 1910 subduci-

69 1930 127 1978 tur:
146 1925 334 1991 ministrique,
364 1925 426 1975 uasi
436 1926 604 1987 amisissent,
616 1927 691 1994 quod
702 1933 873 1986 amoverant,

69 2006 166 2111 regem
185 1991 296 2042 adeunt.
330 1941 373 2041 22.
391 1992 482 2059 Saepe
496 1992 587 2043 minus
600 1998 645 2044 est
657 1994 834 2045 constantiae
845 1993 875 2042 in

69 2075 101 2110 ru
123 2075 181 2122 ore,
193 2074 273 2128 quam
284 2059 412 2125 inculpa.
433 2060 597 2112 Coniectum
608 2061 762 2124 oculorum,
774 2059 874 2128 quibus

70 2134 101 2178 ut
114 2127 160 2179 fur
174 2125 374 2189 destinabatur,
394 2125 551 2196 Dioxippus
565 2126 641 2204 lenge
655 2144 710 2179 non
721 2131 824 2196 potuit:
848 2135 876 2178 et

70 2210 153 2259 quum
165 2195 334 2246 excessisset
343 2195 481 2256 convivio,
502 2195 593 2247 literis
605 2197 782 2262 conscriptis,
803 2209 876 2262 quae

69 2262 134 2327 regi
152 2261 343 2325 redderentur,
362 2261 439 2312 ferro
456 2263 650 2314 se‘interemit.
686 2264 727 2315 ²6.
746 2261 877 2314 Gran'ter

70 2334 188 2378 mortem
198 2329 258 2379 eius
270 2329 335 2381 tulit
344 2345 403 2392 rer,
416 2331 577 2382 existimans
588 2331 790 2398 indignationis
802 2344 876 2390 esso,

71 2411 126 2446 non
137 2395 325 2462 poenitentiae
336 2403 448 2450 testem:
460 2400 557 2466 utique
566 2405 714 2466 postquam
723 2397 799 2448 falso
809 2397 877 2448 iusi·

71 2461 204 2513 nrulatnnr
215 2476 285 2524 eum,
306 2465 419 2515 nimium
429 2466 586 2518 invidorum
597 2466 730 2533 gaudium
740 2464 876 2516 ostendit.

121 2527 194 2580 vlll.
213 2528 344 2582 Indorum
353 2531 442 2599 legati
451 2533 560 2586 dimissi
571 2534 683 2595 domos,
703 2533 800 2600 paucis
810 2539 880 2598 post

72 2595 169 2646 diebus
182 2612 243 2647 cum
254 2595 334 2647 donis
344 2607 530 2652 revertuntur.
566 2601 700 2652 Trecenti
710 2605 791 2652 erant
801 2602 878 2667 equi,

71 2661 147 2711 mille
158 2664 274 2729 triginta
283 2679 389 2729 eunus,
398 2683 469 2733 quos
482 2667 666 2736 quadriiugie
687 2669 717 2720 ui
727 2666 878 2730 ducebant,

71 2727 161 2778 lineae
172 2731 257 2780 vestis
269 2732 449 2798 aliquantum,
463 2735 540 2787 mille
552 2743 632 2786 scuta
642 2685 746 2798 InDica,
767 2732 880 2790 etiami
