2054 3030
151 196 186 248 76
344 187 478 279 PDANN.
496 189 770 243 FRElNSHEMll

149 295 287 348 dedentes
298 291 467 353 Alatandro.
504 293 561 344 Eos
571 293 600 342 in
611 293 694 344 fidem
704 297 835 359 acceptos
846 291 972 345 domum

147 362 270 414 remisit:
290 352 440 442 {ficisque
460 361 577 426 ignovit,
600 375 670 427 quos
691 375 707 410 a
726 359 821 410 Persis
841 369 971 413 enectos

147 428 281 481 adversus
292 431 381 495 ipsam
395 427 531 478 militasse
549 434 729 543 cognoverat.
765 428 790 478 8.
809 425 970 480 Tributum

148 496 276 548 omnibus
286 497 447 562 impositum
457 501 508 556 est,
524 509 578 561 quo
608 494 696 544 Dario
705 495 829 562 pendere
840 510 970 548 consue-

146 565 264 615 vissent:
276 564 360 632 idque
372 567 639 644 posteaconstantcr
650 565 779 624 serravit,
789 577 873 628 quum
884 571 968 616 cete-

148 647 193 681 ras
212 631 297 682 Asiae
317 644 450 699 regiones
470 628 624 697 subigeret,
670 629 758 680 Omne
778 631 967 697 peregrinum

148 701 293 766 imperium
312 699 434 750 invidiae
456 697 612 749 subiectum
632 711 695 747 esse
716 707 848 759 noverat,
871 699 966 750 etiam

147 783 230 834 quum
241 767 396 819 domestico
407 766 502 817 mitius
514 772 567 829 est;
588 771 617 815 at
628 766 651 815 si
670 769 767 815 vetera
780 764 965 817 subditorum

146 850 232 886 onera
242 835 322 886 noris
334 831 728 895 cumulentur,intolerandum
738 830 845 883 haberi.
864 831 891 884 9.
901 833 950 900 Igi

146 912 190 953 tur
200 902 325 955 monenti
336 903 455 963 cuidam,
474 901 559 968 longe
571 900 633 968 plus
643 899 811 950 tributorum
831 903 962 968 vectiga-

145 969 267 1037 liumque
283 983 318 1019 ex
337 973 416 1019 tanto
435 969 554 1034 imperio
575 968 665 1036 redigi
685 981 779 1033 posse,
794 967 962 1035 respondit:

144 1039 248 1099 „etiam
260 1036 390 1086 olitorem
401 1049 432 1084 se
444 1035 548 1097 odisse,
570 1035 615 1102 qui
630 1035 766 1085 radicitus
777 1036 965 1088 exscinderet

146 1105 312 1169 clera,quae
323 1115 437 1168 carpere
449 1101 624 1153 debuisset.“
639 1101 963 1170 10.·Dascylcump1·ae·

145 1171 218 1222 sidio
230 1170 378 1220 Persarum
388 1170 480 1219 teneri
491 1169 643 1220 audiverat.
679 1169 721 1220 Ec
740 1169 960 1222 Parmenionem

143 1238 228 1297 misit,
238 1251 319 1303 quem
331 1237 461 1304 oppidani
472 1239 565 1287 statim
576 1243 751 1303 receperunt,
763 1253 846 1304 quum
857 1239 960 1290 audito

143 1303 329 1354 Macedonum
349 1305 487 1366 adventu,
517 1304 622 1355 Persae
646 1305 844 1356 excessissent.
892 1307 959 1373 lpse

146 1371 248 1422 Sardes
269 1371 423 1437 processit,
444 1378 528 1438 caput
548 1373 685 1435 omnium,
710 1387 780 1440 quae
800 1372 959 1439 praelectis

146 1453 213 1489 orae
233 1439 388 1490 maritimae
409 1439 557 1490 Persarum
581 1453 664 1506 reges
685 1454 784 1505 parere
803 1441 960 1492 iusserant.

146 1509 186 1556 ll.
206 1505 318 1573 lamque
330 1504 403 1556 haud
414 1506 532 1573 amplius
542 1507 719 1574 septuaginta
730 1507 828 1558 stadiis
839 1508 874 1559 ab
885 1511 959 1560 urbe

145 1573 251 1636 aberat,
260 1589 342 1640 quum
353 1575 388 1625 ad
399 1572 620 1626 eumMithrenes
631 1576 715 1636 venit,
728 1576 773 1626 cui
782 1575 901 1626 tutelam
915 1594 959 1628 ar-

145 1641 185 1691 eis
209 1641 360 1694 Sardianae
379 1643 482 1694 Darius
502 1642 679 1704 crediderat,
700 1645 959 1710 comprincipibus

147 1708 354 1774 Sardianorum,
376 1711 471 1763 urbem
488 1725 644 1777 arcemque,
664 1716 693 1760 et
706 1711 861 1775 pecuniam,
882 1727 957 1778 quae

146 1778 173 1827 in
186 1793 219 1830 ca
230 1779 452 1842 custodiebatur,
472 1779 612 1831 tradituri.
649 1780 689 1827 12.
709 1777 815 1838 Quibus
830 1778 956 1846 benigne

145 1847 459 1914 exceptis‚adl{ermum
468 1844 957 1912 fluviumprogreditur,vigintifcre

145 1914 243 1964 stadiis
254 1914 288 1963 ab
300 1913 368 1962 urbe
379 1913 536 1962 distantem.
562 1912 605 1963 lbi
616 1912 716 1963 castris
726 1913 837 1978 positis,
847 1911 956 1980 Amyn-

144 1989 199 2031 tam
210 1979 396 2030 Andromenis
407 1979 493 2029 filium
505 1979 540 2030 ad
553 1979 742 2044 recipiendam
762 1994 853 2030 arcem
873 1997 956 2046 prae·

144 2047 238 2098 mittit.
270 2046 311 2097 13.
331 2046 372 2096 Ea
382 2046 527 2111 praecelso
538 2046 603 2097 loco
616 2047 682 2108 sita,
695 2046 805 2098 difficili
816 2047 955 2114 undiqua-

144 2130 197 2180 que
217 2115 304 2177 aditu,
326 2113 460 2165 adversus
475 2128 665 2181 quameunque
680 2115 734 2166 vim
750 2115 841 2166 teneri
852 2124 956 2182 potue·

144 2190 195 2242 rat,
211 2183 321 2233 etiamsi
333 2196 437 2244 murus,
458 2183 504 2250 qui
515 2180 619 2248 triplici
630 2183 799 2234 munimento
810 2181 888 2234 illam
900 2185 956 2240 εἰν·1

143 2251 274 2312 eumlbat,
296 2249 441 2301 abfuisset.
477 2249 552 2316 Ergo
564 2247 696 2300 felicitati
706 2263 773 2300 suae
784 2249 955 2316 gratulatus,
1009 2221 1010 2299 l

144 2316 219 2380 quod
230 2318 413 2383 amplissimas
427 2332 473 2368 res
487 2317 579 2368 animo
599 2317 771 2380 volventem,
793 2332 843 2368 arx
863 2320 957 2369 muni-

144 2384 253 2432 tissima
263 2383 348 2451 longa
359 2385 505 2437 obsidione
515 2398 570 2435 non
588 2384 768 2452 implicasset,
785 2384 845 2435 lovi
857 2383 955 2452 Olym-

144 2451 381 2517 piotemplumibi
393 2466 497 2518 ponere
513 2451 645 2503 decrevit.
674 2452 714 2504 ll.
734 2452 824 2513 Quum
844 2465 880 2503 ue
896 2454 955 2503 sol-

143 2517 221 2568 licite
233 2519 469 2584 circumspiceret,
485 2519 594 2586 quinam
606 2519 685 2570 locus
697 2468 876 2584 accipiendae
887 2520 955 2571 aedi

143 2587 262 2637 maxime
284 2593 453 2652 opportunus
473 2585 560 2645 foret,
581 2586 729 2638 confestim
750 2593 849 2637 exorta
867 2584 955 2638 velie·

143 2669 220 2706 mens
231 2660 287 2704 tem
309 2659 384 2704 estas
395 2654 482 2704 multo
497 2655 584 2705 imbre
598 2661 705 2721 partem
725 2655 798 2704 arcis
816 2653 956 2721 perfudit,

142 2720 188 2770 ubi
200 2727 279 2773 retus
290 2667 435 2789 {ydomm
446 2722 526 2788 regia
534 2720 634 2772 fuerat.
670 2722 738 2773 Eam
748 2723 844 2787 itaque
854 2721 954 2772 sedem

1003 2873 1007 2978 l
