2048 3034
277 181 426 232 LIBER
453 180 499 234 Vl.
532 182 628 233 CAP.
658 186 682 236 8.
832 187 880 239 251

83 292 111 336 et
119 284 207 334 bonae
228 284 338 344 mentis,
358 298 413 333 non
427 283 545 335 amicum
558 284 651 347 modo,
672 287 722 338 sed
736 303 770 340 ex
784 288 882 342 ultima

81 352 169 420 plebe,
179 349 282 401 auditis
293 365 363 418 quae
373 351 408 401 ad
419 365 481 402 eum
491 350 585 402 delata
596 359 682 415 erant,
689 367 744 405 nou
753 358 881 422 protinus

81 419 115 470 ad
125 434 218 486 regem
229 417 317 469 fuisse
329 419 490 469 cursurumi
526 421 565 468 ll.
579 417 621 470 Ne
634 419 760 472 Cebalini
770 424 881 491 quidem

80 488 215 554 exemplo,
225 486 274 603 pul
284 501 318 536 ex
328 485 415 536 fratre
427 493 571 553 comperta
579 487 635 552 ipsi
644 488 808 552 nuntiasset,
815 492 880 546 Par-

78 553 214 605 menionis
245 553 320 617 lium,
331 552 504 621 praefectum
515 555 666 620 equitatus,
674 555 796 606 omnium
806 573 880 612 aroa-

78 636 175 674 norum
185 621 259 688 regis
271 620 423 672 arbitrum?
433 620 586 672 Simulasse
598 623 692 684 etiam,
700 637 755 673 non
766 638 880 678 vacasse

76 689 198 740 sermoni
218 703 268 739 suo
288 703 319 740 re
342 704 394 749 em,
417 703 452 738 ne
471 689 557 740 index
576 689 661 740 alium
682 690 881 744 internuntium

78 762 231 823 quaereret.
256 757 295 806 12.
334 753 519 818 inomachum,
530 756 667 822 religione
678 771 788 825 quoque
799 758 880 810 desim

79 823 257 885 adstrictum,
268 823 469 874 conscientiam
481 838 559 873 suam
570 837 724 874 exonerare
735 839 881 892 properas·

78 905 119 941 se:
140 889 292 959 Philotam,
313 895 459 941 consumto
471 903 521 957 per
530 891 624 942 ludum
634 892 782 959 iocumque
790 907 879 959 paene

74 965 135 1009 toto
148 958 202 1019 die,
223 962 368 1024 gravatum
380 972 443 1008 esse
454 973 542 1026 pauca
552 958 645 1021 verba,
663 959 699 1010 ad
709 965 792 1026 caput
802 963 879 1028 regis

74 1025 252 1092 pertinentia,
273 1029 329 1074 tam
344 1024 431 1092 longo
448 1032 476 1075 et
489 1024 608 1076 forsitan
623 1041 795 1092 supervacuo
806 1029 880 1080 inse-

73 1106 137 1144 rere
148 1091 279 1142 sermoni.
310 1093 349 1142 13.
361 1093 397 1142 At
407 1093 481 1142 enim
491 1109 546 1143 non
558 1092 711 1145 credidisse
722 1094 791 1146 talia
802 1093 879 1147 deie-

73 1158 200 1211 rentibus
211 1157 319 1224 pueris!
341 1157 396 1211 Gur
405 1160 493 1226 igitur
504 1161 673 1214 extraxisset
682 1162 806 1226 biduum,
820 1170 880 1215 tan·

74 1243 155 1294 quam
164 1225 270 1278 indicio
282 1223 398 1278 haberet
408 1226 506 1279 iideml
516 1229 719 1281 Dimittendum
728 1229 818 1283 inisse
828 1231 879 1284 Ge·

72 1295 206 1357 belinum,
226 1296 251 1345 si
270 1294 440 1350 delationem
457 1298 516 1348 eius
531 1296 688 1348 damnabat.
725 1297 765 1348 ld.
784 1297 815 1349 ln
826 1313 878 1352 sno

73 1377 209 1431 quemque
225 1363 350 1430 periculo
368 1379 498 1430 magnum
517 1364 637 1416 animum
657 1363 773 1417 habere:
794 1382 878 1435 quum

70 1431 106 1482 de
119 1429 209 1481 salute
219 1433 296 1497 regis
306 1431 595 1493 timeretur‚credulos
607 1446 669 1483 esse
680 1434 796 1496 debere3
807 1450 879 1486 vana

71 1513 183 1566 quoque
194 1497 354 1547 deferentes
365 1498 520 1548 admittere.
540 1499 691 1550 lb.0mnes
701 1501 788 1566 igitur
795 1516 878 1568 quee-

71 1566 192 1617 ationem
210 1564 244 1615 de
260 1579 310 1624 eo,
331 1569 362 1614 ut
371 1565 521 1631 participes
533 1565 649 1616 sceleris
659 1565 784 1618 indicare
795 1582 878 1636 coge·

70 1639 158 1694 retur,
180 1629 334 1681 habendam
348 1645 412 1681 esse
428 1631 587 1682 decernunt.
623 1633 695 1692 Rex,
709 1634 877 1697 admonitos,

70 1709 101 1751 ut
117 1698 267 1750 consilium
282 1696 397 1749 silentio
407 1705 574 1764 premerent,
593 1698 717 1749 dimittit.
752 1700 878 1752 Pronun-

69 1767 137 1820 tiari
149 1765 250 1818 deiude
261 1763 317 1816 iter
326 1765 354 1815 in
364 1771 509 1832 posterum
520 1765 593 1816 diem
602 1765 692 1828 iubet,
700 1780 736 1816 ne
746 1781 802 1832 qua
812 1769 879 1818 novi

67 1835 134 1888 initi
157 1833 271 1886 consilii
291 1834 404 1885 deretur
417 1838 493 1884 nota,
531 1832 571 1883 li.
590 1831 725 1883 invitatus
740 1839 786 1884 est
795 1834 879 1886 etiam

68 1902 200 1954 Philotas
211 1901 248 1952 ad
259 1900 371 1952 ultimas
381 1901 436 1967 ipsi
447 1899 556 1967 epulas,
577 1905 606 1951 et
619 1914 675 1950 non
690 1914 810 1951 coenare
820 1917 878 1952 mo-

66 1971 116 2033 do,
129 1969 181 2024 sed
192 1970 276 2021 etiam
286 1967 465 2020 familiariter
475 1967 601 2037 colloqui
610 1982 671 2019 eum
683 1981 727 2032 eo,
738 1983 820 2036 quem
830 1968 878 2019 da-

65 2044 223 2101 mnaverat,
234 2037 377 2088 sustinuit.
414 2037 454 2086 17.
468 2035 596 2088 Secunda
606 2035 707 2088 deinde
718 2036 824 2104 vigilia,
836 2036 877 2088 lu-

64 2106 191 2158 minibus
202 2104 359 2166 exstinctis,
370 2120 431 2156 cum
443 2104 540 2171 paucis
552 2105 580 2154 in
589 2105 697 2171 regiam
708 2107 812 2156 coeunt
821 2104 877 2156 lie·

63 2171 228 2242 pbaestion,
241 2171 420 2234 arctamus,
432 2178 461 2224 et
472 2173 593 2234 Coenus,
605 2179 634 2224 et
644 2171 692 2222 liri
735 2171 791 2222 'usn
801 2169 830 2222 bi
841 2186 876 2224 ex

63 2241 182 2306 amieis3
194 2255 228 2292 ex
239 2240 388 2308 armigeris
399 2246 492 2290 autem
502 2238 652 2290 Perdiccas
664 2244 693 2288 et
730 2243 875 2292 sonnatus.

63 2307 125 2360 Per
143 2307 196 2360 bos
216 2309 390 2388 imperatum,
409 2313 441 2358 ut
460 2306 507 2375 qui
522 2306 558 2356 ad
572 2306 743 2374 praetorium
757 2306 875 2359 excuba-

64 2377 145 2438 bant,
165 2382 264 2428 armatr
282 2375 440 2444 vigilarent.
477 2374 517 2425 18.
537 2373 594 2424 lam
614 2373 650 2425 ad
664 2387 766 2440 ,omnes
781 2374 873 2428 aditus

63 2443 201 2511 dispositi
216 2449 296 2495 erant
308 2443 426 2506 milites;
446 2441 555 2508 equites
568 2455 679 2508 quoque
688 2441 790 2492 itinera
799 2443 875 2494 obsi-

61 2512 136 2564 dere
148 2511 227 2575 iussi,
237 2526 273 2562 ne
284 2513 347 2578 quis
357 2511 393 2564 ad
402 2509 625 2570 Parmenionem,
637 2508 752 2576 quitum
762 2509 874 2561 Mediae
970 2528 976 2557 ι

59 2581 233 2648 magnisque
253 2579 342 2646 copiis
357 2583 495 2645 praeerat,
515 2575 641 2628 occultus
656 2577 797 2631 eraderet.
833 2575 873 2628 1⁹.

59 2649 193 2700 Attarras
208 2652 301 2698 autem
320 2662 381 2697 cum
393 2647 529 2698 trecentis
543 2645 656 2696 armatis
669 2645 824 2697 intraverat
830 2657 874 2694 rs·

59 2717 154 2783 giam:
175 2713 241 2765 huic
252 2714 348 2765 decem
359 2713 497 2774 satellites
506 2713 667 2774 traduntur,
691 2725 809 2781 quorum
819 2711 874 2762 sin·
