2036 3030
176 232 501 286 SUPPLEMENTA.
520 235 596 287 [ΑΒ.
615 236 635 286 l.
666 235 753 287 csP.
774 235 813 285 ll.
867 234 899 286 53

90 332 261 398 mosthenes,
274 334 309 386 ob
320 350 390 402 quae
401 334 475 388 haud
484 336 587 387 iniuria
596 336 700 390 nullum
711 336 783 403 apud
794 351 844 387 eos
854 349 899 386 ve·
982 338 988 351 ’

89 404 154 454 niae
166 401 398 454 locumrelictum
419 403 614 455 arbitrabatur.
651 403 781 472 Philippo
802 404 898 456 occiso

87 476 190 525 auctor
209 471 365 531 exstiterat,
385 477 417 522 ut
428 470 585 522 Pausaniae
597 471 730 522 sacellum
742 477 899 522 exstruere·
992 517 994 530 ,

88 545 147 599 tur,
167 537 240 604 epud
257 538 414 604 pulvinaria
428 538 510 590 desim
531 538 750 606 supplicationes
764 537 898 590 haberes·
969 565 974 574 =·
991 533 995 590 'i

88 612 146 666 tur,
171 605 280 673 aliaque
304 605 340 656 ob
359 607 499 674 insignem
523 605 659 658 laetitiam
680 605 792 657 decerni
814 605 899 657 solita
994 601 995 610 ’

89 677 262 724 curarentur.
304 673 346 724 17.
367 674 555 725 Alexandrum
581 673 651 724 alias
672 687 801 738 puerum,
828 674 898 723 alias
996 717 997 726 ,

88 739 271 808 prodigiosae
291 741 443 792 vecordiae
464 738 603 790 vocabulo
619 740 760 806 Margiten
778 739 900 805 appella-

88 814 181 859 verat:
200 807 317 860 Persico
328 823 397 858 auro
413 813 575 874 corruptus,
595 807 718 858 omnium
737 805 797 857 iere
811 806 899 857 bello-

87 889 163 937 rum,
184 890 256 942 quae
276 881 375 927 contra
387 873 578 930 Alexandrum
589 881 751 942 patremque
763 875 823 927 eius
835 871 899 924 Phi-

87 943 194 1010 lippum
214 941 318 994 Graeei
338 941 568 1010 depugnarerunt
578 979 586 1005 ,
606 941 655 994 fax
672 949 755 1009 atque
772 941 901 992 concitur

87 1008 192 1062 fuerat.
233 1009 274 1061 18.
295 1008 433 1073 Attalum,
454 1026 510 1079 que
550 1012 689 1068 rariorem
709 1008 900 1062 adversarium

86 1094 146 1130 non
159 1076 297 1132 habuerat
310 1076 485 1141 Alexander,
504 1079 539 1132 At
560 1079 714 1131 enieneium
735 1077 902 1129 societatem

86 1145 250 1214 pollicitus,
272 1144 307 1196 ad
328 1145 431 1198 bellum
445 1147 508 1213 regi
518 1146 609 1212 palem
626 1145 802 1200 inferendum
817 1145 901 1195 exsti·

86 1213 254 1270 mulaverat.
291 1213 331 1264 19.
349 1212 446 1281 Neque
462 1214 561 1266 civitas
570 1213 785 1274 Atheniensium
795 1211 901 1264 medio-

88 1282 175 1333 criter
186 1280 354 1347 deliquerat,
375 1281 510 1334 detractis
521 1280 644 1351 Philippi
658 1285 772 1345 statuis,
795 1294 901 1336 earum·

88 1364 142 1417 que
158 1350 279 1400 materia
296 1349 326 1400 in
344 1348 446 1402 foedos
464 1365 532 1402 usus
553 1364 697 1413 converse,
717 1349 839 1416 aliisque
854 1347 902 1402 ed·
996 1363 1000 1370 ’

87 1417 192 1479 missis,
205 1432 275 1483 quae
284 1417 386 1486 vulgus
395 1417 554 1486 irruperitum
566 1425 594 1469 et
603 1418 717 1480 mobile,
727 1417 805 1468 nulla
813 1413 901 1468 futuri

89 1499 164 1549 cura,
177 1500 213 1537 ex
224 1485 341 1538 arbitrio
352 1500 492 1554 suasuque
503 1501 657 1551 paucorum
668 1486 793 1536 animose
803 1497 901 1550 perpe·

88 1559 152 1603 trat.
187 1554 231 1604 2⁰.
251 1553 308 1604 Sed
317 1551 389 1606 nihil
398 1569 434 1608 ex
443 1555 494 1612 iis,
516 1569 587 1620 quae
597 1552 754 1620 praefracte
767 1558 795 1604 et
805 1557 901 1604 contu·

89 1621 207 1676 nacitor
215 1618 356 1683 fecerant,
378 1636 467 1688 aeque
483 1622 634 1672 commovit
648 1636 756 1688 regem,
778 1634 858 1687 quam
872 1618 903 1671 ia

90 1687 241 1742 Thebanos
254 1685 420 1752 humanitas,
441 1703 512 1755 quos
526 1691 600 1741 iuter
610 1689 717 1754 patriae
727 1689 836 1738 ruinam
847 1685 902 1737 ela·

90 1770 168 1821 psus,
189 1761 291 1807 contra
303 1755 392 1821 ipsius
410 1755 532 1808 edictum
546 1761 724 1820 receperant,
743 1760 850 1804 tantum
866 1751 902 1801 ob

92 1837 187 1878 eorum
197 1823 289 1876 ricem
300 1822 408 1874 doloris
418 1837 486 1890 prae
497 1838 528 1873 se
537 1820 674 1882 ferentes,
695 1827 726 1876 ut
743 1821 826 1872 etiam
844 1833 902 1884 my·

92 1893 242 1950 susorum
251 1891 410 1954 sollemnia,
431 1904 503 1958 quae
514 1890 542 1940 in
553 1887 689 1944 honorem
699 1887 797 1939 Liberi
808 1884 902 1941 Patris

91 1961 242 2030 praecipua
254 1959 394 2027 reiigione
411 1958 561 2027 quotannis
581 1956 736 2018 celebrant,
759 1954 794 2005 ob
813 1952 903 2032 publi·

93 2039 152 2078 cam
160 2027 333 2080 moestitiam
343 2027 569 2078 intermitterent.
600 2026 641 2076 21.
659 2023 762 2076 Verum
772 2020 902 2088 cupidine

93 2091 160 2144 belli
170 2095 290 2156 Persici,
302 2095 462 2147 condonare
475 2093 591 2146 Graecis
602 2093 721 2148 iniurias
732 2105 807 2150 suas,
821 2103 903 2156 quam

94 2162 354 2230 exsequimalebat.
374 2162 462 2231 Igitur
473 2155 902 2228 quumDemades,quiPhilippo

95 2241 204 2296 quoque
219 2238 316 2298 gratus
332 2237 519 2297 acceptusque
538 2229 640 2291 fuerat,
660 2241 759 2296 preces
780 2223 902 2278 civitatis

95 2294 129 2346 ad
147 2311 210 2348 eum
232 2297 390 2360 detulisset,
411 2296 627 2349 Atheniensibus
647 2293 776 2356 indulsit,
797 2298 828 2343 ut
847 2291 902 2346 De-

94 2363 249 2428 mosthene,
262 2365 461 2445 Lycurgoque,
474 2370 503 2416 et
511 2363 585 2426 aliis,
606 2377 677 2430 quos
688 2361 903 2429 depoposcerat,

95 2434 221 2496 retentis,
239 2449 324 2490 unum
335 2431 530 2486 Charidemum
550 2432 580 2484 in
602 2428 730 2482 exsilium
750 2430 901 2480 mitterent.

95 2497 136 2550 22.
153 2498 206 2552 Ille
222 2501 257 2554 ad
267 2499 370 2558 Persas
386 2515 416 2554 se
432 2500 561 2562 contulit,
579 2512 737 2565 magnoque
756 2498 825 2564 ipsis
840 2493 903 2545 usui

95 2560 157 2628 tuit,
177 2565 266 2620 donec
286 2568 322 2622 ob
338 2567 498 2622 libertatem
513 2567 627 2634 linguae
642 2564 722 2620 Darii
730 2566 809 2616 iussu
818 2564 903 2612 inter·

96 2627 186 2684 fectus
205 2642 256 2690 est.
292 2634 347 2688 Alii
367 2650 478 2703 quoque
491 2649 547 2686 non
579 2633 695 2684 ostremi
709 2627 903 2687 nominanti,

98 2695 161 2750 odio
180 2704 256 2770 regis
274 2703 344 2754 urbe
365 2703 490 2762 deserta,
513 2702 548 2753 ad
588 2707 663 2752 ostes
680 2701 757 2752 illius
772 2694 902 2766 profecti,
1000 2721 1006 2740 .

97 2767 209 2818 muitum
220 2772 328 2837 negotii
336 2770 540 2824 Macedonibus
551 2766 748 2843 exhibuerunt.
776 2766 818 2820 23.
833 2764 905 2817 Post
