2048 3034
145 169 195 220 aot
364 161 535 224 QUINTI
564 162 729 214 CURTll

147 283 200 336 que
215 265 348 317 adbibere
363 265 457 332 coepit
472 280 488 315 a
502 265 702 330 superstitione
717 265 809 316 animi.
846 265 870 313 2.
893 263 951 320 Sed

146 335 211 404 quid
223 341 289 385 tunc
299 333 461 401 praedicere
475 333 646 393 Aristander,
667 333 710 382 cui
727 339 785 383 tum
800 331 951 398 plurimum

146 404 280 456 credebat
290 416 324 453 ex
334 401 453 462 vatibus,
459 398 586 466 poterati
596 399 692 466 ltaque
703 400 839 451 damnatis
850 400 951 450 intem-

146 472 263 538 pestivis
274 469 428 530 sacrificiis,
437 468 548 533 peritos
559 467 684 518 locorum
696 469 847 517 convocari
860 467 949 518 iubet.

145 541 201 592 Per
210 538 332 591 Mediam
343 537 397 587 iter
408 534 593 587 ostendebant
601 540 691 585 tutum
702 542 897 600 apertumque:
924 535 949 585 3.

147 609 196 659 sed
207 622 256 659 rex
267 607 405 656 dimittere
417 602 520 653 milites
530 601 685 666 insepultos
696 601 895 666 erubescebat,
910 603 951 653 ita

145 676 249 728 tradito
269 687 358 733 more,
380 671 466 722 utrix
476 670 561 720 ullum
573 669 691 720 militiae
701 675 758 720 tam
769 669 897 721 solemne
908 685 949 721 es-

146 750 190 796 set
199 757 307 803 munus,
327 754 407 807 quam
418 736 548 788 humandi
559 751 635 787 suos.
670 736 696 787 4.
716 737 848 802 Captivos
870 751 949 805 ergo,

147 827 218 885 quos
229 823 316 876 nuper
327 812 485 872 exceperat,
505 805 600 854 vocari
609 804 701 855 iubet:
721 805 796 855 inter
806 819 878 870 quos
891 813 952 856 erat

166 880 258 931 uidam
280 875 404 926 Graecae
425 873 612 938 Persicaeque
632 871 744 938 linguae
764 874 882 937 peritus,
905 874 952 939 qui

145 897 251 1000 Rostra
270 959 332 994 eum
346 943 374 991 in
388 939 531 992 Persidem
545 939 679 990 montium
695 939 778 990 dorso
794 940 950 990 exercitum

146 1017 249 1067 ducere
261 1011 388 1062 affirmat:
409 1007 554 1058 silvestres
570 1021 633 1056 esse
651 1006 747 1068 calles,
768 1007 815 1057 vix
829 1007 950 1074 singulis

145 1083 270 1151 pervios;
282 1078 374 1127 orinia
384 1074 496 1140 contegi
507 1072 858 1140 frontibus,implexosque
870 1075 950 1126 arbo·
1015 1137 1016 1140 Ἴ

145 1165 206 1201 rum
223 1159 316 1196 ramos
337 1142 423 1192 siluas
444 1141 627 1192 committere.
662 1140 687 1191 b.
707 1140 832 1208 Namque
855 1141 950 1192 Persis

144 1217 181 1266 ab
202 1215 291 1264 altero
307 1211 395 1260 latere
409 1209 551 1274 perpetuis
566 1208 701 1259 montium
714 1209 788 1276 iugis
800 1209 950 1270 clauditur,

148 1281 221 1350 quod
242 1281 269 1328 in
293 1277 496 1344 longitudinem
510 1273 590 1325 MDC
602 1276 702 1338 stadia,
721 1277 749 1326 in
770 1276 952 1328 latitudinem

147 1346 249 1398 CLXX
258 1345 406 1411 procurrit.
443 1343 506 1392 Hoc
520 1343 633 1393 dorsum
643 1359 659 1394 a
671 1343 796 1394 Caucaso
808 1351 906 1396 monte
916 1345 950 1394 ad

146 1415 259 1467 rubrum
273 1426 348 1463 mare
363 1413 495 1478 pertinet3
517 1425 626 1478 quaque
644 1411 740 1462 deticit
755 1426 849 1472 mons,
874 1412 950 1463 aliud

145 1484 358 1542 munimentum,
382 1477 496 1541 fretum,
520 1478 659 1529 obiectum
679 1484 731 1530 est.
767 1477 790 1528 b.
811 1477 950 1530 Planities

146 1551 247 1603 deinde
268 1548 318 1600 sub
333 1547 473 1598 radicibus
490 1546 624 1596 montium
641 1547 766 1611 spatiosa
779 1549 949 1612 procumbit,

146 1619 249 1672 fertilis
259 1615 442 1677 terra,multis
462 1629 497 1664 ue
508 1613 577 1664 vicis
588 1620 670 1680 atque
681 1613 795 1665 urbibus
806 1613 951 1682 frequens.

145 1690 171 1739 7.
177 1690 281 1739 Araxes
293 1684 380 1734 enanis
391 1629 505 1750 perlida,
513 1695 624 1748 campos
635 1682 784 1732 multorum
795 1695 885 1747 aquas
896 1687 952 1733 tor-

145 1757 264 1807 rentium
277 1752 381 1804 evolvit
390 1753 418 1801 in
429 1749 553 1801 Medum:
564 1749 664 1801 Medus
676 1749 712 1800 ad
721 1763 807 1810 mare,
822 1749 859 1799 ad
869 1751 952 1801 meri-

147 1825 220 1874 diem
231 1835 337 1883 versus,
345 1821 435 1870 minor
445 1819 533 1868 amnis
546 1832 580 1867 eo
591 1832 672 1882 quem
683 1817 951 1884 accepit‚erelnitur;

148 1891 359 1959 gignendaeque
370 1886 473 1938 herbae
484 1899 539 1935 non
552 1884 624 1935 alius
636 1890 679 1934 cst
689 1886 796 1952 aptior,
814 1885 952 1952 quidquid

146 1955 357 2018 alluit‚tloribus
367 1955 498 2004 vestiens.
534 1953 559 2003 8.
572 1951 681 2003 Platani
692 1966 803 2019 quoque
815 1957 844 2002 et
854 1953 951 2019 populi

147 2029 300 2092 contegunt
310 2026 398 2088 ripas3
417 2021 458 2071 ita
473 2028 503 2071 ut
512 2019 611 2087 procul
620 2020 774 2070 visentibus
786 2021 953 2073 continuata
1014 2027 1015 2032 ’

145 2095 292 2145 videantur
301 2089 441 2141 montibus
454 2102 569 2138 nemora
578 2089 707 2153 riparum.
733 2087 842 2154 Quippe
855 2089 951 2138 obum-

144 2163 241 2214 bratus
253 2159 349 2220 amnis,
362 2171 460 2223 presso
471 2157 499 2206 in
510 2154 599 2206 solum
611 2155 744 2205 dilabitur
754 2154 851 2218 alveo;
861 2157 952 2206 immi·
1014 2167 1015 2178 ¹

145 2237 266 2296 dentque
279 2225 376 2286 eolles,
396 2225 449 2291 ipsi
460 2238 571 2290 quoque
582 2221 728 2274 frondibus
740 2222 816 2283 laeti,
838 2223 951 2274 radices

145 2295 261 2347 humore
272 2295 416 2346 subeunte.
454 2291 477 2342 9.
492 2291 582 2358 Regio
593 2305 648 2340 non
660 2291 715 2340 alia
725 2297 786 2340 tota
794 2288 866 2356 Asia
877 2293 952 2342 salu-

146 2363 224 2412 brior
234 2361 364 2413 habetur:
375 2367 558 2426 temperatum
569 2357 691 2410 coelum:
707 2357 772 2408 hino
782 2367 952 2424 perpetuum

145 2430 240 2494 iugum
252 2445 367 2495 opacum
380 2435 408 2478 et
421 2428 591 2488 umbrosum,
611 2427 684 2491 quod
699 2431 793 2476 aestus
808 2425 897 2489 levat3
919 2427 953 2477 il·

146 2497 202 2548 linc
213 2510 288 2546 mare
299 2496 466 2556 adiunctum,
488 2494 563 2561 quod
573 2493 684 2544 modico
694 2500 792 2558 tepore
804 2499 897 2544 terras
907 2493 953 2545 fo·

144 2570 200 2615 vet.
238 2563 279 2612 lo.
298 2563 350 2614 llis
362 2563 507 2630 expositis,
530 2561 664 2627 captivus,
678 2564 871 2628 interrogatus
882 2573 954 2612 are·

145 2648 189 2699 ge,
209 2629 342 2682 auditune
353 2645 386 2681 an
397 2629 486 2681 oculis
497 2636 639 2694 consperto
650 2626 774 2688 baberet,
790 2643 864 2695 quae
875 2629 954 2680 dice·

144 2706 200 2760 ret3
220 2703 361 2765 pastorem
372 2711 402 2748 se
414 2696 512 2760 luisse,
534 2703 561 2745 et
572 2710 667 2746 onmes
678 2711 728 2747 eos
739 2695 826 2747 calles
836 2711 956 2762 percur-
