2098 3040
127 143 176 198 ffld
343 139 513 202 QUINTI
540 138 706 190 CURTll

125 245 264 314 peltisque
276 248 305 292 et
314 241 459 292 securibus
474 245 606 292 armatas:
626 238 699 290 unde
712 239 822 305 quidam
836 241 929 292 credi-

127 310 417 372 derunt,.llmazonum
428 323 463 360 ex
473 313 555 377 gente
564 307 699 373 reliquias
710 307 808 357 luisse.
829 306 930 376 ¹Septi·

126 380 177 430 mis
199 370 299 430 deinde
314 376 414 431 castris
428 375 569 427 Ecbatana
585 375 695 446 attigit,
707 374 818 426 Mediae
833 383 927 441 caput.

126 447 167 496 18.
186 445 229 496 lbi
238 443 386 504 sollemnia
395 442 458 497 Diis
469 443 608 497 sacrificia
619 441 699 505 fecit}
720 442 858 509 ludosque
870 443 929 497 edi·

125 513 174 576 dit,
190 512 256 564 etin
267 509 549 578 conviriaiestosque
560 510 621 561 dics
631 509 737 562 laxavit
747 509 876 572 animum,
897 516 930 563 nt
973 558 975 560 ,

123 595 189 632 mox
198 580 227 632 in
238 593 373 632 novorum
385 591 498 644 operum
510 592 603 632 curam
614 583 697 644 atque
712 577 869 632 ministeria
882 593 930 630 va-

122 646 208 698 lidior
218 647 417 698 intenderetur.
436 645 492 700 Sed
502 646 558 698 ista
567 644 815 708 volventem,vclut
823 645 931 704 iniecta

123 728 215 776 mauu,
234 713 321 766 iatum
332 713 388 764 alio
399 714 497 774 traxit,
518 713 658 780 vitamque
668 713 814 766 carissimo
825 713 929 765 amico-

122 797 183 834 rum
194 781 358 848 eius,neque
368 781 455 832 multo
467 785 532 847 post
539 779 595 846 ipsi
605 795 716 847 quoque
726 781 787 846 regi
798 783 929 835 extorsit,

123 847 164 900 19.
185 849 291 902 Pueros
301 850 330 899 in
339 848 432 899 stadio
443 853 582 900 certantes
593 847 748 914 spectabat,
766 862 848 913 quum
860 863 929 900 nun-

122 916 210 968 tiatur
220 917 340 968 deficere
349 914 597 982 Hephaestionem,
614 915 661 982 qui
671 914 769 972 morbo
782 929 820 965 ex
830 929 931 982 crapu-

123 985 153 1034 la
167 989 311 1036 contrecto
326 985 472 1050 septimum
485 985 541 1034 iam
556 983 628 1037 diem
643 981 836 1034 decumbebat.
873 983 930 1034 Ex-

123 1052 239 1103 territus
252 1051 335 1106 amici
344 1051 469 1118 periculo
481 1052 575 1104 statim
585 1051 738 1118 consurgit,
750 1051 823 1102 etad
833 1049 930 1116 hospi·

124 1121 192 1172 tium
211 1119 289 1172 illios
309 1119 440 1172 celeriter
457 1119 563 1186 pergit:
586 1133 676 1185 neque
696 1124 788 1170 tamen
804 1118 880 1184 prius
893 1133 930 1168 eo

124 1189 263 1252 pervenit,
292 1202 372 1252 quam
393 1187 472 1236 illnm
495 1201 571 1238 mors
596 1192 769 1252 occupasset.
805 1185 837 1236 ld
865 1187 928 1253 regi

126 1254 256 1314 omnium,
268 1255 377 1320 quaein
390 1254 445 1314 rita
456 1255 618 1320 pertulerat,
630 1255 810 1306 adversorum
820 1253 931 1304 luctuo-

124 1321 263 1370 sissimum
274 1320 411 1372 accidisse
422 1327 527 1372 certum
539 1319 670 1374 habetur:
690 1335 807 1387 eumque
822 1322 931 1388 magni-

63 1429 64 1434 ,
122 1387 219 1438 tudine
230 1387 337 1438 doloris
347 1389 374 1437 in
387 1387 516 1440 lacrimas
527 1397 555 1438 et
565 1389 689 1442 lamenta
703 1391 819 1452 victum,
841 1388 931 1442 multa

124 1454 208 1506 animi
219 1455 253 1506 de
265 1455 352 1522 gradu
363 1455 465 1508 deiecti
476 1463 639 1524 argumenta
649 1457 781 1510 edidisse.
808 1457 858 1522 «2⁰.
872 1455 930 1508 Sed

120 1523 160 1572 'ea
178 1524 290 1590 quidem
310 1524 396 1574 varie
406 1525 564 1578 traduntur:
585 1523 660 1578 illud
670 1524 745 1576 inter
755 1538 852 1576 ornnes
863 1539 931 1574 con·
1032 1537 1033 1542 ¹

124 1597 188 1652 stat,
208 1598 338 1658 utquam
358 1591 569 1645 decentissimas
589 1592 736 1658 exsequias
757 1593 783 1642 ei
803 1592 931 1654 duceret,

123 1673 183 1712 non
191 1659 313 1710 voluisse
324 1659 474 1710 Ecbatanis
484 1659 607 1726 sepeliri,
620 1661 668 1710 sed
679 1659 862 1725 Babylonem,
872 1674 931 1727 quo
1032 1703 1033 1706 ,

123 1729 184 1790 ipse
205 1741 389 1782 concessurus
409 1732 478 1788 erat,
498 1743 515 1777 a
529 1727 665 1781 Perdicca
679 1726 782 1782 deferri
798 1742 930 1780 curasse:

123 1793 218 1861 ibique
229 1793 312 1845 funus
321 1795 448 1847 inaudito
461 1793 577 1846 antehac
588 1795 716 1861 exemplo
728 1795 875 1846 duodecim
887 1803 930 1848 ta·

123 1862 229 1930 lentum
242 1861 364 1926 millibus
374 1862 522 1916 locavisse.
558 1861 780 1916 Perunirersusn
790 1868 866 1914 certe
876 1863 931 1914 im,

123 1930 230 1996 perium
240 1928 331 1996 lugeri
342 1943 403 1982 eum
414 1931 510 1982 iussit:
530 1936 558 1981 et
568 1943 602 1980 ne
613 1932 748 1982 memoria
758 1931 818 1980 eius
830 1931 860 1980 in
881 1943 930 1982 ex-

123 1999 212 2048 ercitu
224 1997 409 2059 exolesceret,
422 1997 637 2064 equitibus,quls
647 1997 931 2063 praefuerat,nullum
1032 2037 1033 2068 3

121 2063 260 2132 praefecit
273 2063 380 2126 ducem,
403 2064 451 2116 sed
467 2063 686 2131 Hephaestionis
701 2066 772 2120 alam
788 2065 927 2132 appellari

121 2132 220 2194 voluit,
232 2137 261 2183 et
271 2145 342 2198 quae
352 2131 401 2182 ille
412 2135 492 2199 signa
501 2132 678 2195 instituisset,
689 2148 723 2186 ea
732 2147 788 2186 non
797 2137 926 2191 immutor

122 2201 155 2250 ri.
190 2200 331 2252 Funebria
343 2201 496 2251 certamina
511 2199 658 2266 ludosque,
678 2201 929 2269 qualescunquam

122 2267 328 2328 editiiuissant,
340 2267 560 2330 meditatus,tria
568 2267 705 2320 artificum
717 2269 807 2320 millia
816 2270 925 2336 coegitr

122 2333 175 2400 qui
188 2348 242 2384 non
256 2336 350 2390 ,multo
367 2341 431 2400 post
444 2338 472 2387 in
488 2335 576 2402 ipsius
590 2337 732 2402 exsequiis
748 2345 874 2391 certasse
883 2335 926 2388 ie-

119 2406 227 2453 rontur.
260 2403 303 2454 21.
320 2401 380 2454 Nec
399 2403 551 2455 amicitam
564 2403 654 2458 effuso
669 2402 772 2457 affectu
783 2405 819 2460 ad
830 2407 927 2456 conci-

119 2466 240 2518 liandam
251 2469 312 2521 eius
322 2471 439 2536 gratiam
451 2471 575 2539 segniter
585 2471 637 2534 usi,
645 2473 771 2524 certatim
781 2485 926 2538 reperere,

118 2549 169 2599 per
189 2551 259 2603 quae
277 2538 413 2590 memoria
432 2537 556 2590 defuncti
577 2539 680 2590 clarior
702 2537 927 2606 honoratiorque

118 2603 207 2654 fieret.
242 2604 333 2684 Igitur
341 2601 488 2669 Eumenes,
500 2621 581 2674 quum
592 2620 622 2656 se
633 2605 668 2658 ob
680 2607 850 2660 simultatem
861 2623 929 2662 cum

118 2666 329 2732 Hephaestione
339 2673 416 2739 regis
425 2673 646 2741 indignationem
658 2675 928 2728 incurrissesensts-
