2082 3042
8 931 25 972 J

13 2827 29 2996 l

332 229 481 280 LIBER
509 229 593 283 Vlll.
623 231 720 298 GAP.
751 236 775 286 1.
899 234 949 286 seb
1034 249 1035 252 ’

144 337 290 382 trectonter
299 339 455 394 revocasset,
475 331 564 383 adbuc
577 347 625 382 nos
642 331 714 384 circo
727 333 947 388 Halicarnassum
1034 361 1035 364 ¹

144 396 371 466 boeturmfuisse.
396 399 437 450 31.
449 397 589 462 Quomodo
599 397 686 466 o'gitm
696 399 786 452 Asiam
798 404 878 456 etiam
888 419 947 456 cunr

143 463 202 516 istis
211 463 360 517 iunioribus
369 465 522 518 subiecisti?
546 465 644 518 Verum
654 475 701 527 cot,
716 475 748 518 ot
758 469 860 535 opinor,
876 471 949 550 quod

144 533 302 584 auunculum
313 541 387 584 boum
396 533 425 584 in
436 533 520 586 Italia
530 533 626 586 deirae
637 542 751 596 constat,
772 535 857 601 ipsam
871 555 900 589 sn
908 538 946 589 oi-

123 601 127 609 ‘
144 615 189 650 ros
199 597 330 662 incidisse,
342 609 368 652 te
377 599 540 670 infantione.
576 601 617 652 38.
637 599 716 652 Nihil
725 616 760 653 ex
771 604 899 656 omnibus
908 607 948 656 in-

144 667 272 718 consulte
295 683 328 718 ac
351 674 458 719 temere
481 670 564 721 iactis
586 683 682 736 regem
702 670 792 735 magis
812 680 948 735 moverat,

144 749 225 804 quam
236 734 430 787 Parmenionis
442 751 504 786 cum
515 733 621 788 honore
634 737 739 787 mentio
750 737 838 788 illata.
862 737 949 789 Dole-

140 817 201 855 rem
211 809 304 855 tamen
313 818 365 854 rex
373 804 639 869 pressit,contentus
652 803 769 855 iussisse
779 810 812 854 ut
821 804 949 858 convivio

142 871 302 922 excederet.
339 869 380 921 39.
399 869 458 920 Nee
470 871 618 937 quidquam
629 871 704 922 aliud
716 871 833 933 adiecit,
854 887 948 939 quam:

141 937 264 990 forsitan
275 953 348 1000 eum,
355 939 379 988 si
390 937 496 988 diutius
506 937 617 989 locutus
627 931 711 1001 feret,
718 940 949 1006 exprobraturum

143 1005 198 1056 sibi
209 1005 299 1055 fuisse
308 1005 394 1055 vitam
404 1007 582 1071 asemetipso
594 1007 698 1057 datam:
710 1004 764 1058 boc
773 1007 845 1058 enim
856 1021 951 1073 super·
1034 1009 1035 1012 ’

142 1073 178 1122 be
190 1085 274 1139 saepe
286 1072 416 1124 iactasse.
452 1074 494 1122 40.
512 1075 602 1154 Atque
616 1072 696 1124 illum
714 1081 889 1126 cunctantem
903 1073 951 1125 ad·

144 1138 199 1190 hue
209 1153 336 1206 surgere,
347 1139 394 1207 qui
405 1139 527 1207 proximi
538 1155 565 1192 er
576 1141 738 1204 cubuerant,
743 1141 855 1194 iniectis
865 1141 951 1194 mani·

130 1205 195 1275 ,bus
215 1207 361 1280 iurgantes
381 1215 582 1276 monentesque
604 1210 778 1261 conabantur
801 1210 950 1264 abducere.

141 1275 184 1326 41.
204 1273 294 1326 Clitus
305 1291 388 1342 quum
398 1275 616 1339 abstraheretur,
637 1277 673 1328 ad
687 1278 831 1344 pristinam
843 1278 951 1330 violen-

141 1343 210 1393 tiam
223 1343 268 1393 ira
282 1357 393 1410 quoque
408 1344 526 1407 adiecta,
548 1359 599 1396 suo
613 1349 730 1412 pectore
745 1351 855 1414 tergum
872 1345 950 1398 illius

143 1425 206 1461 esse
217 1408 376 1474 defensum3
396 1427 468 1462 nunc
479 1418 627 1479 postquam
641 1414 714 1463 tanti
722 1415 816 1465 meriti
826 1423 951 1480 praeter-

142 1479 209 1530 ierit
227 1483 347 1544 tempus,
367 1480 451 1528 etiam
467 1481 630 1529 memoriam
639 1479 757 1529 invisam
769 1495 831 1530 csse
841 1481 950 1546 procla-

142 1551 209 1595 mat
246 1544 288 1594 42.
306 1544 394 1594 Attali
404 1559 514 1610 quoque
526 1545 640 1596 caedem
652 1545 816 1609 obiiciebat;
828 1552 856 1596 et
865 1549 901 1597 ad
910 1547 951 1598 ul-

143 1613 240 1662 timum
248 1609 333 1672 lovis,
354 1625 435 1676 quem
448 1618 556 1675 patrem
566 1610 620 1662 sibi
631 1609 791 1676 Alexander
801 1619 951 1674 assereret,

144 1677 289 1731 oraculum
300 1678 543 1739 eludens,veriora
553 1692 584 1729 se
595 1679 665 1744 regi,
673 1693 753 1744 quam
764 1685 870 1743 petram
881 1681 952 1743 eius,

52 1791 56 1799 ,
143 1745 327 1812 respondisse
337 1744 458 1808 dicebat.
493 1745 535 1795 43.
556 1745 615 1795 lam
628 1751 735 1794 tantum
745 1745 804 1795 irae
819 1761 954 1812 concepe-

144 1820 189 1864 rat
198 1827 258 1875 rex,
270 1818 402 1880 quantum
412 1811 458 1862 rix
470 1810 580 1863 sobrius
591 1810 666 1863 ferre
678 1813 827 1928 potuisset.
862 1813 954 1864 Enim-

144 1897 212 1934 vero
224 1882 292 1933 olim
300 1894 379 1931 mero
391 1878 520 1930 sensibus
531 1880 623 1943 victis,
635 1894 670 1930 ex
693 1885 755 1930 ecto
765 1885 880 1947 repente
892 1895 955 1946 pro-

146 1950 232 2000 siluit.
269 1948 311 1998 44.
331 1949 450 1999 Attoniti
461 1947 543 1998 amici
553 1961 588 1998 ne
600 1947 700 2013 positis
712 1948 835 2013 quidem,
847 1949 897 1999 sed
909 1946 955 1998 ab·

144 2017 227 2070 iactis
238 2016 357 2081 poculis,
370 2020 551 2082 consurgunt,
562 2017 591 2066 in
603 2021 731 2066 eventum
741 2015 793 2077 rei,
805 2030 885 2082 quam
896 2021 955 2066 tan·

145 2091 174 2136 to
185 2085 291 2152 impetu
302 2089 413 2152 aeturus
425 2083 631 2145 essetsintenti.
653 2083 695 2132 45.
708 2082 867 2133 Alexander
876 2089 956 2148 rapta

145 2153 245 2204 lancea
266 2165 301 2201 ex
318 2149 447 2201 manibus
467 2151 608 2218 armigeri,
629 2150 732 2206 Clitum
748 2147 839 2200 adhue
856 2149 954 2200 eadem

145 2220 259 2288 linguae
269 2219 356 2269 intem
379 2217 487 2288 erantia
497 2216 634 2269 furentem
643 2222 793 2284 pereutere
805 2223 954 2280 conatus,a

146 2286 311 2338 Ptolemaeo
324 2291 352 2336 et
388 2282 659 2336 erdiocainhibetur.
689 2284 953 2336 ramesiensem·
1034 2325 1035 2328 ,

146 2353 223 2419 plexi
234 2360 263 2405 et
273 2354 412 2404 obluctari
423 2358 649 2418 perseverantem
660 2350 851 2403 morabantur:
872 2351 954 2420 Lysi-

146 2418 261 2472 machus
282 2427 311 2471 et
328 2420 491 2472 Leonnatus
511 2419 595 2470 etiam
620 2419 745 2470 lanceam
772 2419 953 2472 abstulerant.

146 2487 188 2538 11.
205 2486 258 2538 lile
269 2489 390 2541 militum
401 2487 484 2539 fidem
494 2485 656 2553 implorans,
678 2485 876 2554 comprehendi
892 2502 923 2537 se
937 2502 954 2536 a

83 2553 88 2562 '
145 2556 281 2621 proximis
302 2557 464 2618 amicorum,
485 2555 560 2622 quod
579 2553 668 2606 Dario
688 2569 775 2622 nuper
793 2554 953 2617 accidisset,

147 2623 297 2702 exclamem
317 2623 482 2740 siguumgue
493 2622 560 2674 tuba
570 2622 641 2686 dari,
652 2627 683 2674 ut
693 2623 728 2674 ad
738 2625 844 2691 regiam
854 2623 953 2673 armati

146 2691 267 2753 coirent,
286 2688 373 2741 rubet.
408 2691 450 2742 A.
471 2692 543 2742 Tum
565 2705 631 2742 vero
648 2689 827 2742 Ptolemaeus
848 2689 952 2740 etPer-

147 2757 242 2810 diceas
258 2755 377 2824 genibus
392 2757 518 2810 advoluti
533 2764 622 2822 orant,
644 2773 679 2810 ne
693 2759 723 2809 in
736 2763 792 2808 tam
806 2756 955 2824 praecipiti
