2054 3030
163 184 167 205 ἢ
208 188 210 192 ·
298 227 442 280 LIBER
469 229 515 278 lli.
545 228 642 279 CAP.
671 228 695 278 9.
848 228 895 278 123

4 381 5 390 ,
84 332 123 382 ad
137 330 297 396 angustias,
313 345 381 396 quas
398 345 535 397 occupare
552 330 741 380 decreverant.
778 328 819 379 24.
839 327 895 380 Du·

83 399 159 448 rium
178 397 296 462 triginta
314 398 377 448 inde
398 399 489 449 stadia
505 399 605 447 abesse
624 397 770 462 praemissi
788 397 894 447 indica-

82 465 162 515 bant.
200 465 278 514 Tunc
289 465 444 516 consistere
455 480 556 532 agmen
566 466 657 528 iubet3
680 467 818 529 armisque
831 465 892 530 ipse

81 532 196 592 sumtis,
214 533 302 581 aciem
318 533 473 583 ordinabat.
510 533 598 582 Dario
613 531 760 581 adrentum
771 531 893 582 bostium

80 598 180 665 pavidi
193 607 318 664 agrestes
329 603 535 661 nuntiaverunt,
551 600 598 650 vix
608 598 735 649 credenti
746 613 893 649 occurrere

81 667 179 729 etiarn,
194 682 263 733 quos
274 672 305 717 ut
320 666 461 734 fugientes
473 667 652 732 sequebatur.
688 665 730 714 25.
750 665 826 730 Ergo
837 682 893 717 non

80 734 236 784 mediocris
248 735 369 784 omnium
380 737 489 785 animos
499 733 623 783 formido
632 734 800 784 incesserat:
818 733 893 798 quip-

79 815 119 866 pe
129 803 224 852 itineri
235 817 318 866 quam
328 801 437 866 proelio
450 803 575 868 aptiores
587 804 674 862 erant,
686 801 841 865 raptimque
852 815 893 849 ar-

79 884 129 918 ma
147 869 306 934 capiebant.
344 868 401 918 Sed
420 869 483 933 ipsa
502 867 647 920 festinatio
669 867 893 929 discurrentium,

80 949 208 1003 suosque
220 936 256 986 ad
265 950 342 986 arma
353 937 524 996 vocantium,
543 935 677 986 maiorem
691 941 795 985 metum
804 934 894 985 incus·

80 1005 129 1054 sit.
165 1003 209 1054 26.
226 1003 282 1052 Alii
291 1003 321 1052 in
328 1002 423 1068 iugum
435 1005 535 1054 nronti·
552 1010 710 1064 evaserant,
728 1008 759 1053 ut
772 1000 894 1052 hostium
918 1007 920 1015 ⁴

79 1082 186 1138 agmen
199 1070 265 1120 inde
275 1071 482 1135 prospicerent:
502 1085 589 1138 equos
599 1071 725 1136 plerique
737 1069 893 1120 frenabant·

78 1139 204 1188 Discors
216 1137 370 1200 exercitus,
390 1153 442 1188 nec
455 1138 489 1188 ad
500 1153 584 1189 unum
597 1140 721 1189 intentus
735 1140 892 1204 imperium,

24 1261 31 1274 ,
77 1205 165 1256 vario
180 1204 301 1255 tumultu
318 1213 415 1256 cuncta
427 1206 597 1256 turbaverat.
634 1207 675 1256 22.
693 1205 796 1256 Darius
810 1207 891 1256 initio

77 1272 187 1324 montis
201 1273 297 1339 iugum
311 1288 372 1322 cum
382 1281 460 1340 parte
475 1276 617 1340 copiarum
633 1289 702 1324 occu
722 1289 769 1324 are
783 1276 892 1336 statuit,

79 1348 109 1392 ct
126 1355 143 1390 a
157 1339 252 1390 fronte
268 1346 298 1391 et
310 1356 327 1390 a
340 1347 423 1408 tergo
439 1343 633 1393 circumiturus
649 1291 771 1406 hosiem3
792 1342 890 1402 amari

80 1422 207 1476 quoquc,
228 1423 282 1475 quo
302 1407 446 1459 dexterum
463 1411 523 1460 eius
541 1424 628 1460 cornu
645 1411 804 1477 tegebatur,
819 1411 891 1460 alios

81 1476 254 1536 obiecturus,
275 1482 306 1526 ut
324 1477 445 1544 undique
465 1484 588 1544 urgeret.
626 1476 667 1527 28.
687 1479 803 1530 Praeter
822 1476 892 1528 haec

80 1543 184 1611 viginti
202 1543 292 1594 millia
311 1545 465 1609 praemissa
484 1561 546 1596 cum
570 1531 779 1612 sagittariorum
800 1561 891 1606 manu,

81 1611 214 1662 Pinarum
226 1626 344 1672 amnem,
359 1612 406 1678 qui
417 1613 472 1663 duo
485 1614 595 1679 agmina
605 1611 792 1676 interfluebat,
805 1617 892 1664 trans-

80 1681 139 1740 ire,
154 1684 184 1728 et
202 1679 326 1730 obiicere
338 1693 401 1728 sese
414 1680 597 1730 Macedonum
614 1681 702 1745 copiis
718 1683 848 1730 iusserat:
869 1682 893 1729 si

80 1746 111 1798 id
122 1751 267 1812 praestare
279 1760 335 1796 non
345 1747 675 1810 possents'retrocedere
688 1747 717 1796 in
730 1753 850 1808 montes,
865 1752 894 1796 et

84 1814 195 1866 occulte
216 1814 363 1864 circumire
383 1813 496 1864 ultimos
516 1812 647 1864 hostium.
693 1812 734 1862 29.
764 1814 894 1863 Ceterum

83 1882 226 1933 destinata
239 1880 391 1932 salubriter
404 1881 481 1931 omni
499 1881 609 1930 ratione
623 1881 767 1946 potentior
780 1879 894 1929 fortuna

4 1991 6 2022 ,
82 1951 230 2001 discussit:
252 1951 354 2016 quippe
368 1949 416 1999 alii
432 1963 500 2015 praa
519 1955 594 2000 metu
615 1949 758 2015 imperium
777 1949 893 2014 exsequi

4 2023 6 2080 l
80 2032 143 2069 non
158 2016 304 2079 audebant,
325 2017 375 2067 alii
392 2016 497 2068 frustra
508 2018 740 2084 exsequebantur,
757 2017 831 2083 quia,
847 2016 893 2064 ubi

79 2089 181 2152 partes
191 2083 295 2147 labant,
307 2101 413 2136 summa
423 2085 559 2136 turbatur.

135 2151 184 2202 IX.
204 2154 284 2202 Acies
299 2159 392 2203 autem
411 2151 466 2204 hoc
486 2153 570 2204 modo
591 2155 678 2204 stetit.
714 2151 893 2203 Nabarzanes

79 2221 211 2286 equitatu
223 2220 349 2271 dextrum
361 2236 448 2271 cornu
457 2221 596 2283 tuebatur,
608 2221 711 2272 additis
723 2218 893 2269 funditorum

81 2288 353 2356 sagittariorumque
363 2289 462 2354 viginti
472 2287 532 2339 lere
543 2289 673 2340 millibus.
709 2289 734 2336 2.
754 2287 783 2336 ln
795 2286 893 2337 eodem

82 2354 251 2420 Thymodes
266 2362 338 2417 erat,
360 2355 477 2408 Graecis
492 2356 631 2423 peditibus
647 2355 776 2406 mercede
791 2355 893 2406 condu-

81 2423 140 2476 ctis
162 2423 276 2491 triginta
294 2424 418 2475 millibus
438 2425 624 2491 praepositus.
659 2422 724 2472 Hoc
743 2429 803 2474 erat
820 2421 894 2474 haud

75 2489 202 2543 dubium
214 2491 301 2542 robur
314 2493 467 2555 exercitus,
485 2507 536 2558 par
548 2491 748 2542 Macedonicae
762 2490 895 2558 phalangi

80 2561 174 2610 acies.
211 2557 234 2608 3.
253 2559 284 2609 ln
298 2560 379 2610 laevo
395 2574 482 2610 cornu
491 2558 682 2611 Aristomedes
693 2557 844 2610 Thessalus
855 2560 894 2606 vi-

80 2626 160 2694 ginti
173 2625 263 2677 millia
271 2626 453 2678 barbarorum
464 2628 588 2693 peditum
601 2624 728 2677 habebat.
764 2628 795 2676 ln
806 2624 895 2676 subsi-

81 2695 140 2746 diis
151 2693 373 2762 pugnacissimas
384 2695 527 2750 locaverat
537 2701 645 2762 gentes.
663 2695 687 2745 4.
698 2695 790 2760 Ipsum
798 2697 897 2757 'regem

79 2764 113 2813 in
125 2761 227 2812 eodem
239 2776 328 2812 cornu
341 2762 534 2813 dimicaturum
544 2763 606 2832 tria
620 2763 708 2812 millia
722 2762 897 2813 delectorum
