2098 3040
105 161 154 214 376
315 157 486 219 QUINTI
515 155 679 206 CURTll

147 259 202 310 ἸΧ.
221 259 263 310 lbi
273 259 376 311 diutius
388 259 541 310 subsistere
553 262 679 317 coactus,
691 227 756 322 quia
767 255 852 307 duces
863 272 907 307 sc·

106 327 216 407 cordius
226 328 362 378 asservati
372 325 562 406 profugerant,
568 325 644 404 misit
653 325 698 404 qui
711 326 909 402 conquirerent

105 395 190 457 ahos3
200 409 252 444 nec
259 395 387 461 repertis,
393 408 523 461 pervicax
531 391 632 458 cupido
640 389 908 452 visendroceanum‚

104 461 223 512 adeundi
244 477 279 513 ue
289 462 423 512 terminos
434 460 541 521 mundi,
562 458 658 526 adegit
670 464 701 509 ut
710 456 770 508 sine
781 458 907 525 regionis

102 529 210 595 peritis,
226 476 336 580 1dumini
350 529 449 595 ignoto
464 532 547 592 caput
559 531 647 588 suum,
668 531 765 591 totque
785 523 907 576 fortissi-

102 610 209 646 morum
218 595 661 659 virorumsalutempermitteret.
694 594 718 641 ².
730 589 908 658 Navigabam

104 677 133 714 er
155 678 182 725 o,
195 664 315 714 omnium
326 677 375 728 per
386 677 456 730 quae
467 661 629 712 ferebantur
637 659 737 726 ignari.
767 658 908 720 Quantum

102 679 167 781 inde
178 730 290 782 abesset
298 745 383 792 mare,
395 744 465 795 quae
474 735 574 796 gentes
585 726 719 788 colerent,
730 740 810 792 quam
820 726 908 792 placi-

103 799 168 849 dum
178 799 265 848 amnis
276 814 322 860 os,
332 812 413 864 quam
423 799 532 864 patiens
542 796 688 863 longarum
698 793 809 844 navium
820 799 907 856 esset,

103 880 204 931 anceps
216 871 245 916 et
254 879 339 916 caeca
348 865 506 915 aestimatio
517 861 713 930 augurabatur.
746 860 836 912 Unum
847 866 909 911 erat

102 932 268 983 temeritatis
298 932 442 995 solatium,
471 937 605 998 perpetua
630 927 762 979 felicitas.
797 927 822 978 3.
848 927 907 978 lam

7 1030 8 1033 =
103 999 194 1051 CCCC
202 1000 294 1050 stadia
304 1005 594 1066 processerant,quum
606 995 808 1062 gubernatores
819 1009 906 1062 agno·

103 1080 182 1117 scere
195 1067 273 1132 ipsos
288 1081 382 1118 auram
395 1067 495 1128 maris,
516 1071 544 1115 et
558 1061 631 1114 haud
643 1062 741 1129 procul
751 1062 841 1113 videri
851 1063 905 1112 sibi

104 1134 243 1184 Oceanum
256 1133 368 1195 abesse,
383 1133 508 1183 indicant
517 1133 586 1198 regi.
621 1131 645 1178 4.
665 1129 770 1180 Laetus
781 1129 830 1180 ille
840 1127 906 1181 hor-

101 1202 154 1251 tari
174 1200 301 1252 nauticos
322 1200 429 1264 coepit,
457 1200 649 1250 incumberent
670 1197 762 1247 remis.
798 1197 906 1248 Adesse

102 1267 184 1316 finem
203 1266 309 1316 laboris
330 1267 456 1316 omnibus
477 1266 550 1317 votis
570 1264 731 1331 expetitum.
767 1263 825 1316 lam
834 1262 907 1314 nihil

102 1333 210 1399 gloriae
222 1331 334 1394 deesse3
344 1331 414 1383 nibil
425 1333 536 1385 obstare
546 1333 655 1384 virtuti:
668 1334 728 1382 sinc
738 1330 907 1383 ulloMartis

103 1399 271 1459 discrimine,
292 1399 351 1450 sine
362 1401 496 1468 sanguine
508 1400 604 1451 orbem
613 1396 706 1450 terrae
718 1397 819 1450 abillis
832 1400 905 1466 capi.

102 1465 144 1518 Ne
156 1472 282 1517 naturam
294 1467 403 1534 quidem
415 1469 526 1534 longius
538 1482 622 1535 posse
632 1466 796 1534 procedere.
820 1465 906 1517 Brevi

101 1534 255 1602 incognite,
266 1535 322 1585 nisi
332 1536 550 1598 immortalibus,
561 1549 623 1586 esse
634 1536 753 1585 visuros.
790 1533 814 1583 5.
834 1531 906 1584 Peu-

104 1618 152 1653 cos
163 1609 256 1652 tamen
265 1600 377 1670 navigio
390 1605 483 1653 emisit
491 1603 520 1652 in
530 1603 631 1669 ripam,
653 1601 700 1668 qui
713 1607 842 1667 agrestes
858 1615 906 1651 va-

104 1686 155 1738 gos
167 1670 340 1736 exciperent,
362 1683 377 1721 e
388 1670 486 1737 quibus
497 1671 620 1721 certiore
628 1668 708 1719 nosci
717 1682 801 1736 posse
812 1681 906 1734 spera-

103 1739 159 1788 bat.
195 1737 240 1787 llli
250 1738 367 1788 scrutati
379 1738 471 1788 omnia
479 1737 600 1804 tuguria,
610 1736 722 1787 tandem
732 1736 853 1786 latentes
863 1750 907 1785 re·

103 1819 210 1873 perere.
238 1803 263 1855 6.
276 1805 331 1866 aui
339 1805 515 1872 interrogati,
528 1819 609 1872 quam
618 1803 717 1871 procul
727 1803 841 1854 abesset
849 1817 908 1852 ma-

103 1872 150 1922 rel
160 1870 483 1939 responderuntnullum
493 1873 571 1939 ipsos
579 1885 654 1922 mare
665 1885 699 1921 ne
709 1868 784 1921 fama
793 1869 908 1936 quidem

104 1940 260 2005 accepisset
290 1944 413 1989 ceterum
431 1940 516 1990 tertio
536 1939 581 1990 die
604 1938 744 2004 perveniri
765 1950 848 2004 posse
870 1937 908 1986 ad

103 2022 201 2075 aquam
212 2017 344 2068 ammam,
358 2020 429 2073 quae
441 2012 631 2072 corrumperet
640 2005 758 2056 dulcem.
794 2003 908 2055 intelle·

103 2081 175 2125 ctum
188 2080 244 2134 est,
253 2087 329 2124 mare
340 2073 475 2124 destinari
485 2075 520 2126 ab
529 2073 635 2140 ignaris
645 2079 762 2123 naturae
774 2071 844 2122 eius.
880 2073 906 2120 7.

102 2141 199 2209 ltaque
209 2140 317 2208 ingenti
329 2140 474 2192 alacritate
487 2141 591 2192 nautici
601 2140 751 2206 remigant,
772 2144 802 2189 et
811 2137 908 2205 proxi·

101 2224 147 2260 nro
159 2223 268 2276 quoque
280 2207 335 2270 die,
355 2224 409 2275 quc
420 2211 534 2275 propius
544 2223 608 2276 spes
618 2206 827 2268 admovebatur,
848 2219 909 2256 cre-

103 2276 199 2327 scebat
210 2277 293 2326 ardor
303 2276 465 2326 animorum.
502 2277 600 2326 Tertio
609 2274 664 2326 iam
674 2273 720 2324 die
730 2273 846 2324 mixtum
856 2270 907 2323 ilu-

101 2343 169 2392 mini
189 2342 300 2393 subibat
318 2357 407 2406 marc,
431 2342 488 2393 leni
508 2341 597 2394 adbuc
616 2348 696 2393 aestu
717 2339 910 2392 confundente

12 2403 20 2420 ⁶
102 2411 227 2475 dispares
246 2409 343 2461 undas.
379 2411 404 2462 8.
423 2411 494 2460 Tum
505 2411 587 2462 aliam
597 2410 716 2461 insulam
725 2407 819 2458 medlo
833 2408 909 2458 amni

100 2477 185 2530 sitam
194 2474 285 2532 ariell
293 2476 389 2546 paullo
398 2473 513 2540 lentius,
536 2479 600 2545 quia
612 2491 709 2529 cursus
724 2479 804 2526 aestu
813 2487 909 2528 rerer·

98 2540 266 2618 berabatur,¹
279 2542 422 2612 applicant
435 2546 563 2607 classem,
583 2551 613 2596 et
626 2545 662 2596 cd
676 2546 850 2596 commeatus
859 2555 910 2610 pe·

99 2611 201 2663 tendos
213 2611 380 2675 discurrunt,
400 2612 493 2664 securi
502 2627 583 2664 casus
595 2612 665 2675 eius,
685 2611 733 2679 qui
745 2609 912 2677 supervenit

100 2678 214 2742 ignaris.
250 2677 275 2729 9.
295 2678 393 2731 Tertia
402 2678 491 2732 ferme
501 2679 571 2732 hora
582 2684 652 2740 erut,
670 2694 752 2741 quum
763 2679 913 2731 statavice
