2082 3042
116 193 178 256 ,316
339 191 509 253 QUINTI
538 190 705 242 CURTll

127 295 271 355 atrocitas,
289 293 500 360 denuntiarique
510 293 601 352 iussit,
618 298 649 342 ut
659 291 809 358 excederet
819 293 935 355 castris,

126 378 180 414 nen
200 361 330 412 licentiae
343 360 480 411 barbarae
494 361 636 426 exemplar
648 360 676 409 in
688 359 860 410 Graecorum
873 375 936 410 mo-

124 443 172 480 res
182 436 211 479 et
220 429 300 479 mitia
309 429 423 496 ingenia
432 427 606 479 transferret.
627 427 666 480 ld.
675 425 782 490 Dahae,
794 425 935 493 Spitame-

125 498 169 548 nis
180 495 266 548 caede
278 502 431 562 comperta,
450 493 666 562 Dataphernem,
687 492 858 546 deiectionis
868 495 933 544 eius

124 564 298 632 participem,
317 564 438 615 vinctum
448 561 609 614 Alexandro
620 576 705 629 seque
717 561 831 614 dedunt.
868 561 932 624 iile,

124 633 244 683 maxima
260 633 448 698 praesentium
463 646 589 682 curarum
603 635 682 696 parte
695 629 843 690 liberatus,
864 644 932 680 con-

124 701 209 750 vertit
218 699 384 750 animum-ad
394 699 573 749 vindicandas
584 697 699 748 iniurias
711 711 817 759 eorum,
829 697 932 764 quibus

124 781 142 816 a
150 767 327 833 praetoribus
338 767 397 818 suis
408 781 490 817 avare
501 781 533 816 ac
543 764 661 831 superbe
671 764 868 831 imperabatur.
889 764 931 815 l't.

123 833 200 901 Ergo
211 832 415 900 Phratapherni
426 834 595 902 Hyrcaniam
606 839 634 883 et
643 833 759 883 Mardos
770 846 831 883 cum
838 833 932 897 Tapy·

125 903 165 952 ris
175 902 301 965 tradidit,
321 901 526 968 mandavitque,
546 907 577 951 ut
586 898 763 962 Phradatem,
779 901 824 949 eui
835 913 932 951 succo-

126 969 218 1032 debat,
239 969 274 1020 ad
288 984 319 1021 se
330 971 358 1019 in
369 969 524 1020 custodiam
534 969 668 1018 mitteret.
703 967 822 1029 Arsani,
840 965 931 1016 Dran·

124 1051 221 1104 garum
231 1036 388 1103 praefecto,
401 1036 566 1087 substitutus
578 1041 622 1085 est
632 1033 775 1088 Stasanor.
810 1035 930 1085 Arsaces

123 1105 153 1154 in
163 1105 287 1155 Mediam
296 1107 407 1166 missus,
418 1110 448 1154 ut
459 1103 602 1170 Oxydates
613 1103 678 1153 inde
690 1101 856 1153 discederet.
875 1101 929 1152 Ba·

123 1170 248 1237 bylonia,
261 1172 407 1222 demortuo
417 1171 545 1231 Mazaeo,
559 1170 683 1221 Stameni
693 1170 820 1222 subiecta
831 1175 883 1220 est.

174 1237 220 1288 lV.
239 1238 291 1288 His
303 1237 475 1302 eonrpositis,
486 1238 572 1288 tertio
583 1252 679 1288 mense
691 1236 858 1290 exhibentis
870 1251 930 1288 mo-

122 1305 164 1354 rit
179 1304 341 1365 exercitum,
361 1305 519 1370 regionem,
539 1319 610 1372 quae
627 1304 741 1356 Gabaza
761 1303 929 1372 appellatur,

123 1370 258 1421 aditurus.
286 1373 311 1420 2.
322 1370 431 1422 Primus
443 1371 503 1422 dies
515 1374 639 1439 quietum
648 1375 703 1424 iter
712 1372 853 1439 praebuit:
865 1387 930 1440 pro-

122 1439 212 1489 ximus
223 1439 249 1488 ei
263 1439 383 1488 nondum
400 1439 509 1505 quidem
525 1441 699 1507 procellosus
715 1447 744 1491 et
756 1440 860 1502 tristis,
881 1441 930 1492 ob·

123 1505 231 1556 scurior
241 1512 333 1557 tamen
344 1507 534 1572 pristino,non
543 1508 603 1558 sine
613 1509 695 1560 minis
707 1507 859 1558 crescentis
870 1522 929 1558 ma·

122 1572 306 1640 lipraeteriit.
342 1575 367 1624 3.
386 1576 485 1625 Tertio
501 1575 535 1626 ab
546 1577 620 1626 omni
631 1582 709 1642 parte
721 1575 794 1626 coeli
806 1574 929 1628 emicare

122 1638 242 1708 fulgura,
257 1648 286 1692 et
295 1657 367 1692 nunc
376 1643 557 1694 internitente
567 1643 643 1705 luce,
654 1658 727 1694 nunc
738 1643 860 1704 condita,
872 1661 930 1694 non

123 1708 221 1760 oculos
235 1709 319 1760 modo
334 1711 452 1760 meantis
467 1711 620 1773 exercitus,
640 1710 690 1761 sed
708 1711 792 1761 etiam
809 1711 928 1774 animos,

121 1782 229 1828 terrere
249 1783 410 1843 coeperunt.
446 1778 470 1826 4.
490 1777 559 1829 Erat
576 1792 663 1844 prope
683 1780 832 1829 continuus
852 1779 929 1830 coeli

120 1842 227 1911 fragor,
248 1850 277 1894 et
291 1845 393 1908 passim
410 1845 568 1896 cadentium
578 1844 723 1896 fulminum
735 1846 843 1912 species
854 1847 928 1896 rise-

120 1910 216 1963 batur:
234 1911 416 1978 attonitisque
428 1912 541 1964 auribus
552 1919 666 1979 stupens
679 1927 788 1980 agmen,
799 1927 851 1964 nec
861 1927 928 1979 pro·

121 1979 202 2047 gredi
212 1993 264 2028 nec
274 1979 429 2029 consistere
440 1980 569 2031 audebat.
591 1981 616 2030 5.
627 1981 698 2030 Tum
708 1985 825 2047 repente
836 1979 928 2031 imber

121 2044 284 2112 grandinem
298 2045 436 2096 incutiens
449 2049 583 2098 torrentis
594 2047 678 2097 modo
690 2046 851 2098 effunditur.
888 2051 927 2099 hc

119 2112 209 2178 primo
223 2111 333 2178 quidem
344 2114 428 2164 armis
442 2114 500 2164 suis
515 2114 583 2164 tecti
598 2122 779 2181 exceperant:
800 2115 852 2166 sed
870 2115 926 2164 iam

119 2194 171 2230 nec
190 2180 312 2230 retinere
330 2195 406 2230 arara
418 2180 543 2232 iubricae
559 2187 588 2232 et
599 2182 724 2249 rigentes
739 2197 837 2233 manus
847 2188 925 2247 pote-

118 2251 194 2308 rant3
215 2263 267 2297 nec
278 2248 333 2315 ipsi
344 2248 497 2310 destinare,
508 2251 537 2299 in
549 2264 630 2315 quam
641 2250 787 2315 regionem
798 2250 925 2301 obverte-

117 2318 182 2363 rent
201 2327 333 2379 ccrpora,
355 2331 437 2381 quum
456 2316 577 2382 undique
596 2317 770 2382 tempestatis
789 2316 925 2369 violentia

118 2379 217 2441 maior,
228 2395 310 2447 quam
320 2384 471 2446 vitabatur,
483 2391 651 2436 occurreret.
688 2382 712 2434 d.
731 2383 807 2452 Ergo
819 2383 924 2436 ordini·

117 2445 170 2497 bus
181 2447 282 2498 solutis
295 2464 344 2514 per
355 2457 444 2502 totum
457 2451 557 2504 saltum
569 2451 754 2514 errabundum
770 2465 870 2519 agmen
884 2450 924 2502 ie·

117 2513 244 2578 rebatur3
260 2516 408 2585 multique,
419 2520 495 2584 prius
505 2525 593 2581 metu,
607 2535 688 2587 quam
698 2519 812 2582 labore,
824 2517 924 2570 defeti-

119 2584 402 2647 gati,prostraverant
412 2584 486 2637 humi
499 2601 625 2652 corpora,
632 2601 796 2654 quamquam
807 2585 925 2638 imbrem

117 2649 160 2696 vis
180 2648 295 2716 frigoris
316 2660 448 2704 concreto
462 2654 529 2720 gelu
544 2654 740 2706 adstrinxerat.
776 2654 801 2704 ’1.
820 2652 878 2704 Alii
893 2668 925 2704 se

118 2714 259 2778 stipitibus
276 2717 405 2769 arborum
422 2720 610 2772 admoverant.
646 2721 678 2773 id
694 2721 822 2789 plurimis
838 2719 924 2772 etad·
