2048 3034
80 213 130 264 194
167 211 169 221 ⁴
296 207 466 270 QUlN'l'l
494 207 662 259 GUR'l'll

81 311 203 364 omnium
217 309 314 362 oculos
328 311 357 362 in
371 314 460 360 semet
479 308 551 360 haud
571 308 709 358 immerito
729 311 879 360 convertit.

80 377 239 432 Semiramis
251 392 311 428 eam
322 377 500 440 condiderat;
511 376 564 438 rel,
575 382 606 426 ut
615 375 741 441 plerique
752 376 879 427 credide·

78 461 119 510 re,
130 444 224 506 Belus,
236 445 314 496 euius
324 445 403 510 regia
417 443 580 494 ostenditur.
616 442 658 492 25.
669 442 766 492 Murus
776 444 881 494 instru-

79 512 290 564 ctusslaterculo
299 512 413 574 coctili,
434 511 568 561 bitumine
584 510 737 571 interlitus,
758 512 878 576 spatium

78 579 160 632 XXX
170 587 198 630 et
208 580 323 638 duorum
335 578 434 645 pedum
443 578 592 629 latitudine
603 578 791 644 amplectitur:
812 593 880 643 qua-

79 648 176 714 drigae
191 647 264 698 inter
279 662 309 696 se
326 651 503 696 occurrentes
514 647 574 696 sine
584 644 709 710 periculo
720 659 882 696 commeare

79 715 216 766 dicuntum
251 715 293 765 26.
316 713 440 764 Altitudo
466 715 538 764 muri
558 711 578 762 C
597 712 753 762 cubitorum
773 711 879 761 eminet

79 784 183 850 spatior
206 787 296 832 turres
317 781 395 832 denis
415 780 532 847 pedibus
552 794 632 846 quam
651 794 745 829 murus
760 779 878 830 altiores

79 857 152 902 sunt.
188 849 288 899 Totius
305 849 398 913 operis
413 847 532 898 ambitus
547 845 693 897 CCCLXV
703 845 793 896 stadia
803 862 878 896 com-

77 917 223 984 plectitur3
234 915 406 981 singulorum
417 914 570 966 stadiorum
582 919 747 964 structuram
758 914 879 980 singulis

79 985 177 1037 diebus
187 981 339 1050 perfectam
352 996 413 1031 esse
424 982 574 1032 memoriae
585 981 726 1048 proditum
737 988 788 1032 est.
825 981 877 1031 Ae-

79 1052 175 1103 dificia
192 1065 247 1100 non
266 1055 330 1099 sunt
349 1048 462 1099 admota
480 1049 580 1111 muris,
606 1048 656 1099 sed
675 1047 734 1099 fere
758 1049 880 1114 spatium

78 1122 160 1170 unios
170 1118 262 1183 iugeri
269 1116 378 1165 absunt.
414 1117 456 1166 2¹1.
468 1117 506 1168 Ac
517 1130 551 1166 ne
561 1123 648 1166 totam
659 1116 769 1182 quidem
780 1115 879 1167 urbem

78 1187 161 1237 tectis
182 1187 400 1247 occupaveruntz
425 1197 475 1248 per
494 1182 600 1234 LXXX
616 1184 707 1235 stadia
724 1180 881 1240 habitatum

77 1267 130 1303 nec
145 1249 238 1300 omnia
254 1249 385 1299 continua
403 1256 474 1310 sunt,
495 1250 589 1312 credo,
609 1253 674 1317 quia
686 1250 772 1300 tutius
788 1250 879 1300 risum

80 1324 131 1380 est,
142 1316 267 1383 pluribus
278 1315 349 1366 locis
360 1317 463 1383 spargi.
499 1316 600 1366 Cetera
610 1324 706 1368 serunt
716 1318 878 1384 coluntque,

78 1393 119 1443 ut,
130 1385 155 1433 si
166 1389 281 1434 externa
291 1383 332 1433 vis
343 1384 464 1450 ingruat,
470 1384 593 1436 obsessis
604 1385 735 1436 alimenta
746 1386 880 1452 exipsius

79 1451 156 1502 urbis
177 1451 239 1501 solo
262 1449 513 1504 subministrentur.
548 1451 590 1502 28.
614 1451 770 1519 Euphrates
792 1453 903 1503 inter--¹

79 1518 151 1581 fluit,
162 1533 335 1585 magnaeque
345 1519 428 1572 molis
440 1519 627 1586 crepidinibus
639 1524 792 1571 coercetur.
822 1520 880 1572 Sed

81 1585 202 1637 omnium
225 1600 338 1652 operum
358 1587 575 1654 magnitudinem
597 1588 816 1638 circumveniunt
834 1604 880 1639 ca·

81 1667 183 1706 vernae
192 1656 332 1720 ingentes,
342 1655 371 1704 in
383 1654 557 1706 altitudinem
568 1669 682 1720 pressae
694 1655 729 1706 ad
740 1656 880 1722 accipien-

82 1722 145 1774 dum
155 1721 288 1789 impetum
298 1720 430 1786 fluminis,
452 1722 526 1788 quod
540 1723 586 1773 ubi
601 1723 744 1789 appositae
760 1723 884 1790 crepidi-

81 1790 125 1842 nis
140 1788 283 1856 fastigium
298 1793 434 1853 excessit,
456 1790 532 1840 urbis
546 1795 621 1840 tecta
635 1791 803 1856 corriperet,
824 1791 879 1840 nisi

82 1863 177 1910 essent
186 1872 285 1924 specus
295 1858 437 1925 lacusque,
452 1859 499 1924 qui
511 1859 679 1923 exciperent.
716 1857 755 1908 29.
777 1858 881 1909 Coctili

81 1925 217 1976 laterculo
229 1926 327 1974 structi
338 1931 412 1975 sunt:
432 1931 522 1975 totum
537 1940 605 1990 opus
616 1925 749 1976 bitumine
761 1925 882 1976 adstrin-

82 1993 166 2060 gitur.
202 1991 277 2041 Pons
289 1990 429 2058 lapideus,
443 1990 549 2042 flumini
560 1993 717 2058 impositus,
734 1993 826 2060 iungit
836 2009 882 2044 ur·

82 2060 153 2110 bem.
189 2059 244 2108 Hic
264 2073 373 2125 quoque
391 2061 466 2114 inter
487 2059 626 2109 mirabilia
648 2061 770 2110 Orientis
794 2076 883 2126 opera

82 2132 242 2178 numeratus
254 2132 307 2176 est:
319 2125 581 2193 quippeEuplrrates
593 2127 677 2178 altum
688 2127 783 2178 limum
793 2126 881 2189 vehit,

84 2210 138 2261 quo
149 2197 258 2260 penitus
271 2193 305 2243 ad
316 2193 496 2245 fundamenta
504 2194 633 2244 iacienda
643 2201 750 2261 egesto,
768 2195 817 2246 rix
828 2194 883 2246 ful-

84 2261 183 2311 ciendo
204 2260 282 2328 operi
304 2262 410 2313 firmum
431 2261 695 2328 reperiuntsolun13
721 2262 762 2312 30.
778 2277 882 2312 arenae

84 2334 176 2377 autem
188 2329 304 2379 subinde
316 2328 481 2391 cumulatae,
494 2335 522 2380 et
532 2329 606 2380 saxis
611 2367 618 2392 ,
631 2329 729 2397 quibus
740 2345 810 2396 pons
823 2347 884 2382 sus-

84 2394 201 2457 tinetur,
221 2396 362 2464 adnexae,
384 2402 525 2448 morantur
543 2411 663 2462 aninem3
689 2398 736 2462 qni
755 2402 887 2448 retentus

85 2461 186 2523 acrius,
207 2477 286 2528 quam
301 2465 324 2515 si
339 2463 428 2515 libero
445 2480 527 2515 cursu
542 2472 655 2526 mearet,
676 2465 802 2516 illiditur.
840 2465 894 2516 31..

44 2530 46 2535 '
83 2529 181 2579 Arcem
197 2543 306 2596 quoque
320 2532 423 2582 ambitu
437 2531 491 2582 XX
502 2533 592 2583 stadia
605 2533 775 2600 complexam
787 2530 884 2585 babet.

83 2595 165 2646 XXX
180 2595 266 2663 pedes
281 2599 308 2647 in
323 2606 425 2649 terram
438 2601 554 2650 turrium
570 2599 750 2651 fundamenta
760 2599 886 2652 demissa

84 2671 160 2714 sunt:
183 2663 216 2714 ad
231 2662 335 2714 LXXX
349 2682 481 2716 summum
496 2668 656 2720 munimenti
668 2668 810 2735 fastigium
822 2683 887 2733 per-

87 2731 170 2780 renit.
208 2731 248 2780 32.
262 2730 350 2796 Super
361 2747 433 2796 arce,
445 2734 585 2801 vulgatum
597 2735 765 2787 Graecorum
778 2734 889 2786 fabulis
