2054 3030
241 109 707 197 surrnuunurn.n1s.11.
727 144 812 197 cnr.
833 146 874 196 ιι.
911 146 960 198 roe

146 245 218 298 aliis
243 244 406 312 quibusdem
431 242 555 295 Pisidiae
584 243 756 308 civitatibus,
776 245 961 300 Celaenarum

148 311 346 381 praefecturae
357 311 519 363 contribuit.
549 311 590 361 14.
601 308 713 363 Pacatis
723 310 795 364 hunc
805 313 835 364 iu
846 314 961 368 modum

148 379 314 449 asperrimis
327 377 496 440 nationibus,
515 378 546 428 in
564 373 720 445 Phrygiam
735 381 884 446 processit,
900 397 960 452 ,qua

149 449 288 501 Ascanius
302 447 380 498 lacus
397 453 453 508 est,
474 445 553 496 cuius
567 459 640 512 aqua
657 460 709 496 sua
726 455 825 514 sponte
845 463 960 502 concre-

151 530 245 578 scens,
256 516 424 568 necessitate
433 512 501 568 salis
512 527 527 564 e
538 512 636 580 longia
657 527 693 563 uo
703 515 816 578 petendi
825 516 959 568 solvitac·

147 583 240 636 colas.
277 581 318 632 1⁵.
337 581 410 634 Dum
421 595 455 630 ea
464 585 608 648 geruntur,
652 594 761 642 amnon,
775 596 887 634 suarum
898 599 960 651 par-

148 652 224 704 tium
241 648 370 717 reliquiis
391 647 515 714 undique
539 645 684 710 collectis,
715 652 747 698 ut
768 645 961 702 inhaerentem

148 718 237 771 Asiae
246 715 435 768 Alexandrum
445 720 642 780 extorqueret,
663 713 699 766 ad
707 713 813 766 bellum
823 715 959 770 Graeciae

148 781 960 850 Macedoniaequeinferendumeogitstionesconvertitis.

149 853 262 920 Quippe
273 851 386 912 Darius,
397 850 426 900 in
436 847 491 898 hoo
499 863 555 900 uno
566 863 643 916 spem
649 863 798 916 reponens,
817 851 865 916 qui
875 851 961 904 victo·

147 916 959 1040 tlbliinlttliiilltlldilitilltli

681 1021 690 1047 2

149 1051 332 1123 praefecerat
342 1066 413 1114 oum,
427 1065 609 1120 magnamque
620 1052 755 1120 pecuniae
766 1053 822 1104 mm
831 1053 960 1106 hanani-

152 1126 240 1174 serat.
286 1119 327 1170 12.
353 1118 449 1186 ltaque
476 1121 713 1172 mercenariorum
740 1136 824 1172 manu
856 1126 961 1189 quauta

66 1221 73 1228 -
153 1193 268 1256 poterat
277 1185 423 1249 conducta,
435 1201 496 1238 eum
507 1192 694 1240 trecentarum
703 1187 814 1240 narium
825 1188 917 1241 classe
928 1189 961 1238 li·

149 1257 221 1308 bero
232 1254 302 1306 mari
311 1269 329 1305 r
366 1254 476 1318 ebatum
489 1260 519 1305 et
528 1269 598 1323 quae
607 1257 694 1306 tantis
705 1257 852 1308 conatibus
862 1255 960 1308 adrer-
1013 1293 1014 1296 ,

149 1339 183 1378 sa
193 1323 239 1374 vel
249 1337 282 1374 ae
301 1337 338 1372 ua
359 1328 555 1384 uturaessent,
567 1322 678 1374 sollerti
689 1323 957 1391 aestimationepeu·

149 1389 239 1448 sabat.
276 1337 316 1441 lh.
334 1388 544 1453 intercalatis,
563 1405 633 1458 quae
653 1391 744 1442 minus
762 1393 843 1444 anxie
863 1396 958 1443 custo·
1013 1401 1014 1406 ’

145 1457 308 1520 diebantur,
326 1457 478 1524 occupatis,
496 1457 584 1520 (inter
598 1472 668 1524 quae
680 1463 708 1509 et
717 1457 888 1526 Lampsacus
897 1455 959 1510 iire—

148 1529 217 1590 rat,)
227 1524 334 1576 insulas
345 1539 496 1592 aggressus
509 1530 562 1587 est,
573 1524 957 1594 quibusMseedones,qnam·

148 1608 233 1661 quam
242 1591 371 1658 utrinque
385 1591 541 1643 continenti
549 1595 718 1658 potirentur,
732 1593 901 1660 obinopiam
910 1607 957 1644 na-

148 1661 224 1712 rium
237 1659 372 1712 auxilium
386 1656 462 1709 ferre
478 1673 534 1710 nou
545 1665 684 1724 poterant.
721 1659 761 1710 19.
780 1659 853 1711 iuvit
866 1660 957 1711 consi-

145 1728 217 1782 lium
236 1727 316 1778 ducis
335 1725 489 1776 animorum
507 1725 578 1775 mira
587 1725 690 1791 ubique
704 1725 853 1788 dissensio,
874 1741 958 1792 quum

147 1795 212 1847 aliis
223 1795 258 1846 ad
268 1791 455 1845 Alexandrum
465 1790 604 1842 libertatis
614 1796 757 1842 auctorem
767 1806 813 1842 res
823 1790 957 1844 trahenti-

146 1864 210 1925 bus,
224 1876 281 1913 non
294 1860 437 1923 deessent,
458 1860 518 1926 qui,
538 1857 662 1910 Persicis
678 1857 777 1924 opibus
791 1859 875 1921 aucti,
894 1873 957 1940 pro-

147 1930 239 1998 priam
248 1927 300 1980 sub
310 1926 452 1979 veteribus
467 1925 587 1978 dominis
601 1925 769 1993 potentiam,
791 1941 872 1994 quam
888 1926 956 1978 hbe-

147 2001 211 2048 rata
220 1996 364 2064 republica
373 1995 490 2048 eandem
501 1995 622 2045 omnium
629 1992 827 2061 aequalitatem
832 1994 956 2047 mallent.

147 2067 192 2117 2⁰.
210 2064 299 2132 igitur
316 2061 509 2130 Athenagoras
525 2067 553 2113 et
565 2061 748 2129 Apollonides
768 2076 804 2113 ex
823 2059 956 2112 Chiorum

148 2130 343 2199 optimatibus,
367 2144 398 2180 re
417 2145 480 2181 cum
499 2127 615 2181 Phisino
635 2130 827 2196 Megareaque
846 2133 875 2179 et
892 2129 955 2181 aliis

147 2215 217 2252 suae
230 2197 362 2250 factionis
378 2195 535 2248 hominibus
547 2199 759 2258 communicata,
777 2196 956 2262 Memnonem

147 2270 304 2320 arcessunt.
338 2264 382 2315 lta
395 2262 481 2316 chius
493 2262 654 2328 proditione
668 2263 788 2329 capitur,
808 2268 837 2314 et
850 2267 955 2330 praesi-

146 2333 196 2386 dio
215 2333 256 2384 ibi
274 2331 423 2394 collocato,
450 2328 615 2382 urbanarum
634 2345 727 2380 rerum
747 2329 953 2384 administratio

147 2399 309 2466 Apollonidi
321 2398 406 2450 sociis
427 2412 461 2448 ne
472 2398 600 2450 traditur.
635 2399 678 2447 21.
696 2396 763 2448 inde
774 2398 895 2452 Lesbum
906 2415 954 2467 pe-

147 2475 219 2530 tens,
232 2466 389 2529 Antissam,
407 2413 544 2532 hymnam
558 2470 587 2516 et
598 2463 731 2516 Eressum
748 2466 824 2518 nullo
836 2467 952 2534 negotio

144 2536 234 2602 capit;
254 2531 640 2600 MethymnaeAristonicum
655 2536 804 2599 tyrannum
823 2534 953 2599 imponit,

144 2601 429 2668 totamqueinsulam,
449 2606 566 2666 excepta
574 2599 712 2666 Mitylene
724 2600 900 2652 nobilissima
908 2615 953 2650 ur·

144 2673 191 2733 be,
202 2671 231 2722 in
247 2673 414 2740 potestatem
430 2667 541 2734 redigit.
578 2668 619 2717 22.
639 2667 784 2720 Eamultis
794 2666 893 2718 diebus
904 2665 940 2717 ob
