2082 3042
99 159 149 210 32⁰
317 153 487 214 QUINTI
520 149 686 202 CURTll

99 267 228 324 tanquam
240 256 353 324 perinde
366 257 465 306 animis
475 255 613 320 imperare
624 257 731 318 posset,
738 265 770 300 ac
784 250 902 318 linguis:

100 325 124 376 d.
139 327 234 391 itaque
251 338 328 374 more
340 322 488 374 Persarum
499 319 670 371 Macedonas
690 317 904 370 venerabundos

98 393 108 444 i
130 406 189 442 sum
209 390 330 441 salutare
349 393 560 456 prosternentes
580 385 656 436 burni
676 399 804 450 corpora.
841 383 905 437 Non

119 463 198 510 eerat
209 458 277 508 talia
293 456 501 524 concupiscenti
513 455 674 521 perniciosa
687 451 822 514 adulatio,
843 467 906 520 per-

98 531 212 594 petuum
222 526 322 577 malum
332 539 438 592 regum,
449 537 566 590 quorum
578 535 645 588 opes
657 520 769 586 saepius
779 526 906 570 assenta-

99 593 149 654 tio,
170 607 251 659 quam
263 591 361 654 hostis,
379 591 488 642 evertit.
524 591 549 639 7.
568 587 628 639 Nec
636 587 822 638 Macedonum
834 585 906 639 baec

100 659 215 711 erateul
234 675 263 724 a;
284 674 364 711 nemo
383 659 455 708 enim
469 657 583 708 illorum
598 654 746 723 quidquam
761 669 796 704 ex
811 656 905 720 patrio

98 742 176 779 more
186 675 280 778 lagare
291 727 433 788 sustinuit;
444 724 495 777 sed
505 723 738 788 Graecorum,qui
750 721 906 789 professio-

98 810 160 846 nem
175 793 354 846 honestarum
368 796 468 844 artium
482 791 563 842 malis
574 794 757 856 corruperant
767 789 903 840 moribus.

98 863 123 912 8.
134 863 201 929 Agis
212 861 324 928 quidam
333 861 464 929 Argivus,
482 860 666 926 pessimorum
677 857 829 907 carminum
840 865 906 922 post

100 927 261 980 Choerilum
271 927 409 989 eonditor,
430 933 460 978 et
470 941 505 978 ex
514 926 611 978 Sicilia
623 924 703 975 Cleon
724 921 771 973 bic
781 923 903 991 quidem,

98 1010 154 1046 non
168 996 274 1063 ingenii
289 995 389 1058 solum,
409 995 458 1046 sed
474 995 557 1044 etiam
573 992 696 1043 nationis
707 991 787 1053 vitio,
808 991 904 1042 adula-

97 1069 156 1124 tor;
167 1069 196 1114 et
206 1069 301 1114 cetera
309 1063 419 1114 urbium
430 1076 540 1112 suarum
551 1064 745 1126 purgamenta,
775 1072 828 1108 uae
839 1072 903 1126 pro·

97 1130 209 1197 pinquis
225 1131 309 1180 etiam
322 1129 559 1194 maximorumque
575 1128 747 1179 exercituum
757 1073 876 1177 ducibus
887 1141 905 1175 a

97 1212 166 1264 rege
178 1195 418 1262 praeferebantur:
439 1194 465 1244 hi
482 1202 540 1246 tum
555 1194 664 1244 eoelum
677 1193 719 1243 illi
730 1193 903 1259 operiebant,

97 1262 303 1329 Herculemque
323 1269 352 1314 et
372 1262 483 1313 Patrem
504 1261 645 1324 Liberum,
667 1266 770 1311 etcum
786 1259 904 1310 Polluce

98 1331 244 1382 Castorem
262 1343 335 1379 novo
351 1329 457 1380 numini
471 1343 600 1380 cessuros
616 1343 678 1379 esse
689 1326 840 1378 iactabant.
877 1327 904 1386 o,

97 1397 187 1463 Igitur
201 1393 275 1447 festo
290 1395 335 1446 die
350 1397 424 1446 omni
439 1396 581 1463 opulentia
595 1396 751 1446 convivium
771 1396 906 1447 exornari

97 1463 188 1525 iubet,
210 1463 255 1514 eui
271 1478 326 1515 non
336 1464 506 1516 Macedones
517 1463 599 1516 modo
613 1469 641 1514 et
651 1462 752 1514 Graeci
759 1463 904 1580 principes

97 1531 257 1593 amicorum,
264 1531 314 1582 sed
326 1534 408 1583 etiam
424 1529 562 1599 [barbari]
575 1531 682 1582 nobiles
694 1527 757 1582 adhi
779 1536 903 1582 crentur.

98 1600 165 1650 Cum
177 1598 277 1666 quibos
290 1615 371 1666 quum
384 1599 571 1650 discubuisset
587 1613 646 1660 rex,
666 1598 822 1665 paullisper
837 1612 904 1666 epu-

95 1667 170 1718 latus
181 1666 310 1719 convivio
322 1668 472 1734 egreditur.
509 1668 549 1717 10.
570 1666 648 1729 cleo,
668 1667 742 1717 sieut
754 1681 904 1733 praepara-

96 1742 183 1796 verat,
204 1749 360 1787 sermonem
377 1749 438 1785 cum
453 1734 639 1784 admiratione
652 1733 763 1784 laudum
779 1734 840 1785 eius
861 1734 904 1786 iu·

97 1802 198 1854 stituit.
233 1803 337 1853 Merita
347 1801 447 1854 deinde
456 1803 628 1867 percensuit,
639 1801 739 1868 quibus
749 1816 805 1852 uno
815 1802 903 1853 modo

96 1870 195 1922 referri
207 1871 299 1937 gratia
307 1875 413 1935 posset,
435 1871 496 1932 „si,
513 1884 593 1938 quern
607 1868 800 1937 intelligerent
809 1870 904 1920 Deum

97 1951 169 2000 esse,
189 1937 397 1999 confiterentur,
418 1935 619 2004 exiguatburis
628 1935 903 2002 impensatantabe-

97 2004 198 2055 nelicia
207 2003 360 2071 pausaturi.
390 2005 429 2056 11.
441 2004 544 2055 Persas
555 2002 665 2071 quidem
676 2019 731 2055 non
743 2004 789 2071 pie
800 2003 901 2066 solum,

97 2071 147 2122 sed
160 2073 243 2122 etiam
255 2072 416 2137 prudenter,
434 2086 516 2139 reges
530 2086 598 2122 suos
616 2073 690 2123 inter
698 2071 776 2124 Deos
791 2071 902 2125 colere:

96 2140 271 2190 maiestatem
291 2138 364 2189 enim
377 2139 489 2206 imperii
504 2138 602 2190 salutis
617 2153 680 2190 esse
695 2139 821 2191 tutelam.
858 2138 902 2190 Ne

96 2205 246 2258 Herculem
262 2206 373 2273 quidem
388 2212 418 2258 et
430 2205 541 2257 Patrem
555 2205 686 2257 Liberum
700 2207 778 2272 prius
790 2205 902 2258 dicatos

95 2271 185 2334 Deos,
209 2289 295 2388 poam
317 2274 451 2326 vicissent
475 2288 570 2325 seeum
589 2274 738 2326 virentium
756 2273 901 2326 invidiam.

96 2339 206 2388 Tantun
228 2354 269 2390 em
281 2355 391 2408 quoque
400 2347 531 2408 posteros
543 2342 667 2404 credere,
679 2346 810 2410 quantum
820 2355 902 2422 prae·

95 2419 159 2455 sens
170 2411 248 2456 aetas
258 2409 464 2474 spopondisset.
493 2410 534 2461 11.
546 2409 654 2471 Quodsi
665 2408 751 2460 ceteri
762 2405 903 2472 dubitent,

96 2472 283 2539 semetipsum,
305 2489 387 2541 quum
397 2489 448 2529 rex
456 2475 558 2529 inisset
566 2477 731 2539 convivium,
745 2481 903 2542 prostratu·

95 2553 155 2590 rum
173 2538 249 2590 bumi
262 2554 372 2608 corpus.
407 2543 519 2596 Debere
534 2544 609 2598 idem
625 2543 719 2596 iacere
730 2549 851 2606 ceteros,
872 2549 904 2596 et

94 2606 219 2670 inprimis
231 2609 369 2675 sapientia
377 2611 530 2678 praeditos.
565 2611 605 2661 Ab
615 2611 673 2664 illls
685 2611 758 2668 enlm
768 2610 861 2664 cultus
871 2610 903 2663 ln

94 2685 188 2737 regem
200 2688 262 2726 esse
273 2675 445 2742 prodendum
456 2679 642 2746 exemplum.“
678 2679 718 2732 13.
738 2677 822 2730 Haud
836 2692 901 2747 per·
