2054 3030
170 165 217 214 128
381 161 549 221 QUINTI
579 162 745 212 culturi

168 270 361 331 prosternunt.»
393 262 431 312 15.
442 263 515 330 Equi
525 263 800 329 pariterequitesque
810 262 994 332 Persarum,
1013 317 1014 320 ,

167 332 241 382 serie
251 330 414 381 laminarum
424 343 533 397 graves,
545 345 652 396 agmen,
672 331 746 397 quod
759 331 911 384 celeritate
922 349 993 385 ma-

166 399 239 450 xime
252 403 370 461 constat,
382 412 466 465 aegre
476 398 673 448 moliebantur:
686 399 787 466 quippe
797 399 825 449 in
837 400 992 453 circuma-
1013 441 1014 446 η

167 466 266 532 gaudis
277 465 355 532 equis
366 465 425 516 suis
437 463 566 516 Thessali
578 465 680 516 multos
692 471 911 532 occupaverant.
938 471 991 525 16.
1013 481 1014 484 ’

167 533 227 584 Hoc
246 538 301 583 tam
317 547 453 599 prospera
467 547 559 599 pugna
572 535 706 593 nuntiata,
726 532 900 596 Alexander,
922 552 991 588 uon

167 606 230 652 ante
244 616 327 652 ausus
345 601 476 666 persequi
491 599 636 663 barbaros,
653 601 791 668 utrimque
809 602 865 652 ianr
881 602 990 654 victor

165 670 271 719 instare
282 668 455 736 fugientibus
465 669 568 734 coepit.
591 669 630 718 lt.
652 668 734 718 Haud
744 669 864 735 anrplius
875 683 986 738 regern

166 753 246 804 quam
256 737 333 787 mille
344 737 452 804 equites
464 735 664 802 sequebantur;
675 751 758 804 quum
768 737 868 804 ingens
879 737 985 790 multi-

164 805 233 856 tudo
244 803 366 855 hostium
381 804 502 855 caderet.
539 803 596 855 Sed
609 805 669 870 quis
681 810 729 854 aut
743 805 772 854 in
784 805 915 866 victoria,
928 814 984 858 aut

163 873 193 922 in
203 871 272 940 iuga
282 872 378 937 copias
389 871 529 922 numerati
547 870 711 938 Agebantur
724 886 793 938 ergo
808 887 825 922 a
838 877 895 922 tam
907 887 982 940 pau·

164 943 204 991 eis
215 955 347 1007 pecorum
359 940 456 1002 inod03
471 945 501 990 et
509 939 583 989 idem
595 945 693 1001 metus,
706 941 752 1006 qui
763 939 884 1006 cogebat
894 939 982 1008 fuge·

164 1023 205 1070 re,
216 1007 357 1073 fugientes
368 1006 536 1057 morabatur.
574 1007 614 1056 18.
624 1007 660 1057 At
670 1005 784 1069 Graeci,
797 1008 882 1124 quiin
891 1006 981 1059 Darii

164 1075 291 1142 partibus
303 1078 448 1136 steterant,
459 1075 578 1140 Amynta
588 1074 658 1124 duee
670 1075 796 1140 (praetor
815 1075 981 1126 rioAlexan-

166 1142 207 1192 dri
224 1141 325 1201 luerat,
345 1149 412 1190 tune
431 1141 589 1208 transfuga)
606 1141 716 1209 abrupti
730 1158 747 1194 a
761 1143 877 1205 ceteris,
900 1141 980 1194 haud

166 1223 233 1259 sane
262 1205 435 1274 fngientibus
463 1208 569 1258 similes
591 1216 747 1260 evaserant.
785 1209 826 1261 19.
854 1209 980 1262 Barbari

164 1275 250 1340 longe
262 1274 400 1325 diversam
411 1274 505 1344 fugam
515 1277 704 1327 intenderunt:
726 1278 784 1340 alii,
802 1294 857 1345 qua
866 1286 978 1330 rectum

135 1365 137 1370 ·
164 1343 220 1392 iter
236 1343 265 1392 in
281 1341 426 1392 Persidem
445 1342 573 1408 ducebat3
594 1344 706 1413 quidam
723 1347 870 1396 circumitu
889 1361 978 1414 rupes

166 1409 310 1477 saltusque
326 1412 460 1461 montium
476 1412 602 1463 occultos
620 1413 758 1480 petivere3
779 1417 862 1480 pouei
881 1422 978 1466 castra
1013 1417 1014 1420 ’

165 1475 255 1528 Darii.
291 1481 332 1528 2⁰.
353 1477 409 1529 Sed
421 1479 476 1529 iarn
489 1479 539 1530 illa
553 1495 663 1547 quoque
681 1480 771 1532 hostis
786 1481 977 1534 victorintra-

167 1551 254 1607 verat,
270 1547 345 1596 omni
356 1546 466 1614 quidem
477 1548 621 1614 opulentia
631 1547 709 1598 ditia.
744 1549 846 1617 ingens
859 1551 923 1600 auri
933 1565 976 1602 ar·

167 1616 300 1680 gentique
311 1614 431 1680 pondus,
452 1631 507 1666 non
522 1615 590 1666 belli
600 1615 651 1667 sed
661 1616 788 1667 luxuriae
800 1624 975 1684 apparatum,
1013 1633 1014 1650 ¹

168 1681 341 1747 diripuerant
350 1682 462 1733 milites.
491 1683 635 1750 Quumque
647 1683 708 1751 plus
719 1691 858 1750 raperent,
871 1689 975 1753 passim

166 1755 255 1801 strata
270 1756 350 1801 erant
358 1750 460 1802 itinera
469 1751 615 1802 vilioribus
632 1753 759 1814 sarcinis,
780 1754 888 1819 quasin
900 1767 974 1804 eom·

165 1819 311 1884 paratione
321 1817 467 1870 meliorum
480 1820 598 1870 avaritia
608 1825 823 1888 contempserat.
851 1821 974 1872 21.1sn-

166 1901 220 1953 que
234 1887 268 1936 ad
283 1885 401 1936 feminas
412 1895 575 1952 perventum
592 1892 665 1950 erat3
687 1889 785 1954 quibus
797 1901 852 1957 quo
863 1889 975 1941 cariora
1013 1929 1014 1932 ,

110 1959 114 1969 ’
166 1959 416 2016 ornamentasunt,
437 1953 829 2008 violentiusdetrahebanturt
851 1971 974 2008 uereor·
1013 1973 1014 2024 ᾗ

165 2020 279 2087 poribus
303 2021 414 2086 quidem
427 2021 470 2072 ris
485 2021 619 2073 aolibido
636 2025 777 2089 parcebat.
813 2025 974 2076 22.'0mnia
1013 2049 1014 2106 q

164 2091 278 2157 planetu
287 2088 559 2155 tumutuqueprout
568 2090 668 2157 cuique
678 2090 791 2143 fortuna
802 2097 871 2154 erat,
883 2099 975 2144 eastra
1013 2107 1014 2134 ³

164 2157 352 2223 repleverant3
377 2170 429 2206 nec
445 2157 504 2208 ulla
518 2157 606 2209 iacies
620 2159 687 2209 mali
700 2160 805 2220 deerat,
827 2175 911 2226 quum
926 2175 975 2227 per

166 2239 262 2276 omnes
278 2224 391 2276 ordines
410 2231 573 2294 aetatesque
586 2227 702 2278 victoris
717 2227 873 2292 crudelitas
891 2242 925 2278 ao
942 2228 973 2278 li-

164 2292 258 2342 oentia
267 2298 425 2360 vagaretur.
451 2293 493 2344 23.
505 2296 584 2346 'l'uno
594 2309 661 2346 vero
671 2296 833 2361 impotentis
843 2295 973 2347 fortunae

166 2359 406 2426 speeieseonspici
415 2361 521 2427 potuit3
533 2377 614 2429 quum
622 2364 657 2426 ei,
669 2364 779 2429 quitum
785 2362 972 2414 Dariotaber·

164 2425 293 2477 naculum
305 2431 597 2492 exornaverant‚omni
606 2431 707 2482 luxuet
718 2432 862 2496 opulentia
871 2433 973 2482 instru-

165 2497 251 2554 ctum,
267 2495 362 2544 eadem
378 2496 427 2546 illa
438 2497 605 2562 Alexandro,
628 2498 707 2565 quasi
718 2505 836 2550 venturo
849 2499 972 2559 domino,

165 2561 354 2613 reservabant.
390 2562 515 2630 Namque
531 2565 560 2617 id
572 2566 662 2617 solum
674 2566 809 2617 intactum
819 2569 973 2618 omiserant
1013 2617 1014 2624 ,

164 2627 282 2690 milites,
301 2630 342 2680 ita
352 2631 456 2681 tradito
466 2647 557 2694 more,
576 2641 608 2684 ut
620 2634 755 2685 viatorem
766 2635 833 2686 vieti
843 2635 921 2701 regis
932 2641 972 2685 ta·

165 2695 315 2764 bernaoulo
327 2698 496 2765 exciperent.
532 2701 573 2750 24.
594 2700 650 2752 Sed
667 2703 789 2754 omnium
805 2703 904 2754 oeulos
916 2702 972 2754 ani·
