2036 3030
184 197 499 250 SUPPLEMENTA.
519 201 596 252 LlB.
615 201 637 254 l,
657 202 740 252 CAP.
759 204 783 253 4.
807 199 810 206 '
855 204 889 254 lb

78 317 142 353 mae
154 301 273 361 scrinio,
294 307 323 350 et
337 301 556 379 disquirentibus
572 303 683 366 amicis,
705 298 812 354 coiuo'm
826 303 888 354 usui

78 365 324 420 convenientissime
335 368 534 420 desumeretur?
552 370 622 437 ipse,
633 369 769 432 Homero,
786 371 886 438 inquit,

78 433 267 496 dedicabimur,
284 434 543 501 etpretiotiser'mum
554 435 665 490 bumom'
677 436 783 506 ingenii
792 453 886 488 mono-

77 509 197 554 mentom
210 501 405 570 elegantissimo
421 502 500 553 etium
515 519 595 570 opere
610 512 738 556 servetur.
773 506 799 555 4.
817 505 885 556 lude

78 568 212 631 obtinuit,
233 577 263 620 ut
272 570 498 625 emendatissime
506 575 606 636 poetae
617 571 718 633 editio,
738 587 819 638 quam
829 588 887 624 mas

78 653 135 706 gna
146 652 213 688 cura
223 644 433 703 comparaverat
441 638 607 700 Alexander,
628 655 642 688 e
654 638 792 704 narthecio
803 653 886 690 roca-

78 711 170 756 retur:
187 705 287 772 quippe
298 704 430 754 scrinium
441 704 521 766 illud,
544 721 625 771 quum
637 704 727 756 adhuc
738 707 884 756 Persarum

78 777 168 833 esset,
181 773 332 838 unguentis
346 776 375 822 et
389 772 522 822 odoribus
534 772 711 822 asservandis
722 774 883 824 serviverat.

77 842 102 892 5.
123 839 244 902 Quidam
257 853 392 905 prospere
404 845 500 904 gestae
518 839 560 888 rei
576 841 689 891 nuntius
704 856 787 907 quum
799 841 886 891 citato

77 923 163 959 cursu
175 907 211 958 ad
226 923 288 958 eum
299 905 422 955 ferretur
432 905 612 974 dextramque
621 908 793 974 porrigeret,
809 907 887 957 vultu

76 975 216 1026 maximae
226 973 352 1024 laetitiae
363 977 443 1023 notas
454 972 642 1039 praeferente,
663 973 736 1038 Quia
743 973 811 1024 mibi
819 990 884 1024 nun-

77 1043 197 1094 tiaturus
214 1056 239 1090 es
255 1045 330 1090 tanto
341 1039 444 1106 gaudio
462 1039 582 1108 dignum,
601 1042 706 1108 iuquit,
724 1041 886 1111 nicifortao

55 1103 61 1117 '
76 1108 215 1161 Homerus
226 1105 332 1157 revixit.
360 1107 383 1158 6.
405 1107 461 1159 Sed
474 1114 531 1158 tum
552 1124 585 1160 eo
599 1110 654 1159 iam
669 1109 815 1162 felicitatis
825 1125 886 1177 per-

77 1183 210 1238 venerat,
231 1181 262 1226 ut
283 1175 481 1242 propemodum
502 1177 658 1230 exsatiatas
681 1177 790 1245 gloriae
816 1176 887 1228 nibil

79 1246 181 1296 deesse
192 1249 311 1310 putaret,
321 1248 433 1308 praeter
442 1244 575 1295 idoneum
583 1245 801 1297 buccinatorem.
821 1247 886 1297 Gre-

76 1313 128 1362 bra
137 1317 230 1362 autern
241 1310 364 1361 lectione
374 1317 463 1360 totum
474 1311 534 1361 fere
550 1312 678 1374 edidicit,
698 1319 730 1363 ut
743 1328 823 1363 nemo
840 1329 887 1364 ne·

76 1395 130 1446 que
141 1377 296 1445 promptius
308 1391 341 1428 eo
352 1375 574 1445 familiariusque
585 1386 718 1443 uteretur,
725 1395 813 1447 neque
822 1395 885 1431 exa·
941 1421 944 1428 .

77 1449 149 1498 etius
169 1447 204 1496 de
224 1460 258 1496 eo
275 1445 422 1496 iudicaret.
458 1447 484 1496 i,
502 1446 545 1497 Ex
563 1448 690 1498 omnibus
710 1454 802 1498 autem
824 1449 886 1498 eius

76 1513 246 1565 carminibus
254 1513 372 1564 maxime
382 1513 520 1579 probabat
527 1529 646 1575 versum,
659 1530 714 1580 quo
725 1516 792 1565 boni
803 1516 886 1566 simul

75 1580 267 1646 imperatoris,
282 1580 445 1646 robustique
462 1581 560 1632 militis
574 1581 672 1633 laudes
685 1583 885 1650 Agamemnoni

75 1648 249 1708 tribuuntur3
270 1661 386 1712 eumque
402 1649 580 1715 praecipuum
593 1650 704 1700 virtutis
723 1651 888 1701 incitamen·

75 1723 149 1776 tum,
164 1720 193 1763 et
202 1713 290 1763 veluti
298 1727 405 1763 morum
417 1729 530 1764 suorum
539 1717 704 1782 magistrum
716 1715 822 1767 habuit.
859 1716 884 1766 8.

75 1783 128 1834 llis
140 1781 239 1846 itaque
251 1779 406 1846 disciplinis
416 1780 547 1842 imbutus,
558 1797 680 1832 summae
692 1781 822 1833 fortunae
830 1785 885 1832 vim

76 1857 162 1918 atquc
173 1847 337 1914 dignitatem
349 1848 463 1914 egregie
474 1852 580 1898 tutatus
594 1855 648 1898 cst:
669 1849 799 1914 superbia
813 1855 842 1899 et
853 1849 887 1899 li‘

76 1917 183 1978 centia,
204 1931 259 1984 qua
272 1915 383 1982 quidem
398 1915 460 1966 sola
470 1915 611 1981 principes
622 1923 721 1982 agunt,
740 1916 884 1966 abstinuit.

76 1984 101 2034 9.
120 1984 206 2037 Cultu
215 1997 336 2051 curaque
350 1983 476 2049 corporis
488 1980 561 2034 haud
574 1983 689 2034 multum
700 1999 784 2050 supra
794 1985 885 2049 priva-

78 2054 101 2101 ti
110 2051 222 2102 modum
235 2051 368 2114 eminens,
379 2052 481 2102 virtute
491 2051 600 2116 potius,
616 2067 695 2119 quam
706 2053 826 2102 vestium
840 2065 885 2100 or-

80 2126 159 2182 natu,
180 2119 286 2169 anteire
300 2134 367 2169 suos
380 2117 590 2184 imperatorium
609 2119 754 2170 censebat:
776 2117 882 2181 hilaris,

78 2185 223 2248 humanus,
243 2185 373 2247 affabilis,
393 2193 424 2237 ut
447 2192 540 2238 tamen
561 2193 729 2238 contemtum
754 2186 883 2237 exclude-

78 2261 133 2305 ret:
144 2255 210 2304 vino
222 2254 341 2314 deditus,
349 2254 399 2304 sed
410 2253 659 2305 citraebrietatem.
679 2253 748 2304 Nam
759 2255 784 2304 si
796 2255 883 2305 otium

79 2329 176 2373 nactus
187 2329 271 2384 esset,
282 2321 457 2372 sermonibus
466 2323 652 2388 magis,quam
664 2323 883 2389 compotatione,

79 2393 186 2456 tempus
207 2387 378 2439 extrahebat.
416 2391 456 2439 1⁰.
474 2387 642 2456 Voluptates
661 2388 711 2438 ita*
724 2391 885 2452 contemsit,

80 2462 110 2506 ut
119 2456 199 2507 matri
210 2471 302 2508 curam
313 2457 452 2518 inliceret,
461 2471 496 2508 ne
506 2457 587 2522 plane
598 2455 633 2505 ad
645 2457 832 2523 generandum
842 2458 884 2507 in-

79 2521 180 2574 habilis
191 2531 274 2575 esset.
311 2523 384 2574 Illud
394 2524 520 2588 inprimis
529 2523 664 2590 religiose
674 2526 773 2586 tenuit,
791 2539 825 2574 ne
837 2539 884 2574 cu·

80 2589 122 2642 ius
132 2588 241 2642 thorum
255 2592 382 2642 violaret
419 2591 526 2652 Quibus
541 2592 617 2642 ritae
631 2606 793 2658 morumque
804 2591 885 2640 insti·

80 2659 146 2709 tutis
160 2659 208 2710 diu
221 2658 353 2721 inhaesit,
374 2673 559 2726 magnumque
575 2665 603 2710 et
616 2659 823 2709 memorabilem
839 2671 882 2706 re-

81 2739 140 2789 gem
160 2727 229 2794 egit:
250 2726 348 2786 donec,
367 2727 474 2795 impetu
488 2727 608 2793 quodam
627 2732 656 2778 et
668 2726 745 2776 velut
757 2730 885 2774 torrente
