2098 3040
150 205 200 254 seo
371 197 737 260 aururrcuurrr
876 162 880 174 '

152 304 251 356 stadiis
270 303 374 364 aberat,
395 295 478 418 prium
489 298 632 352 Nearchus
653 283 783 361 occurrit,
804 316 886 369 quem
905 317 959 369 per

153 372 293 422 Oceanum
304 370 397 436 etEup
419 369 486 420 ratis
498 367 748 434 ostiaBabylonem
758 371 958 434 praemiserat:
1035 369 1036 424 ἶ

151 438 318 505 orabatque,
351 451 384 488 ne
410 435 524 488 fatalem
543 433 597 486 sibi
615 433 712 486 urbem
729 435 815 486 vellet
833 438 958 504 ingredi.

151 507 329 572 (lampertum
338 505 368 555 id
377 503 431 556 sibi
443 499 640 564 exChaldaeis,
646 504 693 570 qui
704 503 797 554 multis
809 504 864 555 iam
875 519 958 571 prae·
1035 551 1036 554 ,

151 573 304 626 dictionum
315 571 460 623 eventibus
471 570 538 621 artis
549 583 616 620 suae
632 569 827 622 certitudinem
844 573 958 624 abunde

149 640 353 708 probavissent.
389 638 430 690 25.
450 639 521 700 Rex,
541 636 616 688 fama
630 651 725 688 eorum
735 635 879 690 hominum
890 655 957 692 con—

144 709 291 776 stantique
311 707 520 758 asseveratione
539 711 643 768 motus,
666 704 789 756 dimissis
808 706 838 756 in
858 707 956 758 urbem
1035 731 1036 774 3

151 777 303 827 amicorum
312 773 535 842 plerisque,alia
545 773 590 823 via
598 777 710 838 praeter
719 772 896 840 Babylonem
905 775 956 827 du·
1035 795 1036 826 ;

99 851 101 862 ’
152 845 199 907 eit,
218 858 251 894 ac
271 843 398 894 ducentis
419 840 484 891 inde
498 840 596 891 stadiis
614 841 716 890 stativa
730 841 813 892 locat.
850 840 909 894 Sed
919 845 955 894 ab
1035 869 1036 872 ¹

150 908 314 962 Anaxarcho
325 923 484 976 persuasus,
497 907 644 958 contemtis
652 905 858 965 Chaldaeorum
865 912 955 961 moni-

150 981 201 1040 tis,
232 993 330 1032 uorum
340 976 516 1042 disciplinam
525 977 635 1026 inanem
644 981 691 1025 aut
701 990 901 1042 supervacuam
912 992 956 1028 ar·
1035 1009 1036 1018 ,

150 1047 224 1098 bitra
244 1053 315 1108 atur,
325 1046 422 1096 urbem
431 1045 525 1094 intrat.
538 1042 720 1110 Legationes
731 1058 813 1095 eoex
821 1045 955 1096 universo
1035 1065 1036 1090 ;

150 1113 238 1164 ferme
248 1114 315 1164 orbe
326 1111 526 1164 confluxerant.
563 1109 605 1159 ld.
619 1110 724 1171 Quibus
734 1125 785 1176 per
795 1111 956 1178 complures
1035 1137 1036 1164 1

151 1182 211 1232 dies
222 1182 349 1232 studiose
359 1179 471 1241 auditis,
491 1178 622 1244 deinceps
633 1178 667 1228 ad
677 1176 897 1245 Hephaestionis
908 1195 956 1232 ex·

151 1250 264 1316 sequias
274 1247 377 1298 adiecit
390 1247 519 1297 animum.
557 1244 635 1306 Quae
646 1259 753 1296 suurmo
765 1247 887 1298 omnium
898 1253 957 1298 stu-
1035 1259 1036 1274 ¹

151 1316 198 1365 dio
209 1316 250 1364 ita
260 1314 418 1366 celebratae
429 1319 501 1373 sunt,
518 1319 549 1362 ut
559 1311 660 1362 nullius
671 1312 745 1363 adid
758 1319 866 1381 tempus
877 1317 955 1434 repis

149 1380 260 1442 feralia,
278 1380 469 1448 magnitudine
489 1385 634 1441 sumtuum,
656 1388 860 1448 apparatusque
881 1398 913 1434 ce
927 1397 955 1434 e·
1035 1385 1036 1418 ³

150 1449 252 1504 britate
268 1463 323 1498 non
333 1447 460 1498 vicerint.
496 1445 566 1497 Post
576 1444 644 1496 haec
655 1448 755 1514 cupido
765 1450 955 1520 incessitregi

150 1529 200 1584 per
211 1514 390 1582 Pallacopam
399 1529 507 1566 amnem
517 1515 552 1567 ad
561 1514 680 1567 Arabum
694 1515 814 1567 confinia
824 1518 955 1586 navigan·

151 1585 194 1635 di:
216 1599 269 1650 quo
285 1583 402 1645 delatus,
423 1582 485 1632 urbi
499 1582 661 1633 condendae
678 1585 823 1636 commoda
833 1585 902 1636 sede
911 1601 954 1638 re-

98 1679 100 1686 ·
151 1655 239 1719 perta,
252 1651 422 1702 Graecorum
433 1656 525 1700 aetate
537 1655 585 1700 aut
595 1649 754 1702 vulneribus
765 1651 913 1716 invalidos,
926 1661 955 1704 et
1035 1661 1036 1664 ’

152 1723 175 1770 si
187 1721 234 1786 qui
244 1724 343 1785 sponte
354 1713 553 1780 r'emanserant,
565 1717 603 1767 ibi
616 1716 747 1770 collocat.
783 1721 824 1769 2⁷.
845 1719 954 1781 Quibus

152 1802 187 1838 ex
195 1787 336 1840 ,sententia
345 1785 487 1853 perfectis,
507 1786 562 1835 iam
573 1783 661 1836 futuri
670 1801 784 1837 securus
795 1785 955 1840 Chaldaeos

150 1855 296 1916 irridebat,
307 1853 381 1921 quod
390 1853 567 1920 Babylonem
575 1867 631 1902 non
640 1852 783 1920 ingressus
793 1860 899 1906 tanturn
912 1869 955 1907 es·
1035 1865 1036 1908 ζ

152 1928 196 1974 set
206 1921 367 1984 incolumis,
386 1935 482 1972 verum
496 1921 580 1971 etiam
590 1921 768 1972 excessisset.
803 1921 954 1975 Enimvero
1035 1957 1036 1970 2

150 1989 303 2041 revertenti
321 2003 371 2057 per
390 1989 515 2054 paludes,
537 2002 604 2054 quas
618 1986 773 2055 Euphrates
787 1989 816 2040 in
825 1989 955 2043 Pallaco-
1035 1985 1036 2056 ξ

150 2073 214 2122 pam
234 2055 339 2108 effusus
351 2056 446 2119 efficit,
464 2055 578 2106 foedum
593 2069 675 2106 omen
690 2057 876 2109 oblatumest.
912 2060 953 2110 28.
1035 2065 1036 2092 ff

153 2125 260 2191 Quippe
281 2123 350 2174 rami
365 2123 484 2190 desuper
496 2122 688 2188 impendentes
703 2124 858 2176 detractum
869 2128 953 2194 capiti
1035 2181 1036 2188 ,

150 2193 230 2259 regio
244 2191 370 2243 diadema
379 2193 558 2257 proiecerunt
567 2191 596 2240 iu
605 2189 714 2243 fluctus.
751 2193 842 2254 Quum
852 2193 954 2246 deiude
1035 2193 1036 2246 i

151 2260 208 2309 alia
228 2273 311 2327 super
331 2258 386 2309 alia
400 2259 564 2326 prodigiosa
578 2263 608 2309 et
620 2260 741 2310 minacia
752 2261 954 2324 nuntiarentur,
1035 2255 1036 2306 ἶ

150 2326 333 2392 procurandis
350 2327 385 2378 iis
396 2325 505 2378 Graeco
521 2325 604 2376 simul
613 2325 788 2395 barbaroque
799 2329 855 2380 ritu
866 2331 954 2380 conti·

149 2392 462 2445 nuasacraiactasunt.
498 2392 596 2461 Neque
607 2399 698 2444 tamen
710 2397 819 2461 expiari
829 2403 953 2463 praetor·
1035 2401 1036 2416 ¹

151 2475 233 2528 quam
251 2467 342 2512 morte
361 2461 437 2542 regis
456 2467 582 2529 potuere.
619 2461 674 2523 Qui
695 2476 778 2529 quum
796 2461 955 2516 Nearchum
1035 2491 1036 2496 =

152 2529 309 2596 excepisset
327 2529 470 2592 convivio,
490 2529 600 2597 iamque
618 2528 740 2580 cubitum
759 2533 848 2584 iturus
868 2539 954 2594 esset,
1035 2571 1036 2588 n

149 2595 238 2647 Medii
251 2596 393 2648 Larissaei
413 2597 523 2652 obnixis
542 2595 671 2664 precibus
691 2597 777 2662 dedit,
797 2605 828 2650 ut
842 2600 879 2651 ad
892 2615 954 2652 eum
1035 2611 1036 2644 l

151 2669 336 2714 comessatum
349 2664 465 2716 veniret
501 2664 543 2716 29.
561 2663 615 2715 Ubi
627 2671 776 2734 postquam
790 2672 853 2720 tota
869 2675 954 2721 nocte
1035 2711 1036 2720 ,

151 2736 338 2798 perpotasset,
347 2731 419 2782 male
429 2731 533 2784 habere
543 2734 645 2798 coepit.
664 2735 864 2800 ingravescens
876 2736 955 2788 dein·
1035 2729 1036 2738 ’
