2036 3030
210 145 526 199 SUPPLEMENTA.
546 148 623 199 LlB.
644 150 663 200 Ι.
683 149 766 201 CAP.
787 152 811 200 2.
895 152 910 200 9

98 249 164 299 riae
177 248 333 309 verebatur,
345 247 479 314 quidquid
490 250 658 302 accessisset
669 250 780 316 opibus:
791 265 844 302 uec
854 256 910 303 tam

98 315 202 368 harum
214 315 402 382 possessione,
414 331 494 383 quam
505 318 586 368 istius
598 317 726 383 cupidine
736 318 908 370 movebatur.
966 355 971 365 .

97 383 146 434 19.
166 383 261 435 Somni
281 389 380 433 natura
394 384 587 448 parcissimus,
608 387 691 436 etiam
712 393 771 436 arte
794 387 909 454 vigilan-

96 453 172 502 tiam
183 449 338 502 adiurabat.
376 449 406 501 Si
418 452 484 518 quid
495 452 674 514 occurrisset,
683 453 757 520 quod
769 455 843 506 seria
852 469 908 504 me-

97 518 242 570 ditatione
262 518 290 568 di
311 533 375 568 num
395 519 546 582 videretur,
568 519 768 586 comprehensa
787 521 845 588 pila
865 537 907 570 ar-

96 591 215 655 gentea,
226 533 367 636 brachium
380 592 460 636 extra
469 587 571 638 lectum
581 587 755 654 porrigebat,
767 597 797 639 ut
805 589 834 640 iu
845 588 908 639 sub·

95 659 205 706 iectam
219 653 321 718 pelvim
336 653 445 720 illapsa,
461 655 584 705 excitato
603 655 709 715 sonitu,
724 661 865 722 torporem
880 657 908 706 in

95 735 230 774 somnum
246 721 402 772 deliciantis
417 721 577 772 discuteret.
613 724 655 772 lo.
675 721 752 772 Deos
766 723 799 772 ab
813 727 907 774 ineun-

92 799 127 841 te
140 793 235 839 aetate
249 787 396 855 magnifice
416 787 513 838 coluit.
550 789 636 842 Sacro
652 789 771 857 quodam
785 791 825 840 ita
839 790 907 842 libe-

94 857 201 909 raliter
215 854 298 906 thura
312 855 431 905 flammis
445 855 549 916 intulit,
570 863 601 907 ut
612 855 762 918 Leonidas,
777 859 820 906 vir
830 871 907 907 seve-

92 941 148 976 rus
161 930 190 974 et
201 938 312 990 parcus,
334 920 523 988 profusionem
533 925 615 975 istam
626 940 681 975 non
691 923 799 984 ferens,
816 925 905 974 excla-

92 997 205 1051 maret,
216 989 256 1041 εἰσ
266 987 390 1051 adolebit,
402 1005 481 1056 paam
491 991 613 1059 regiones
622 991 766 1060 subegerit,
787 990 834 1042 adi
841 990 908 1042 baec

93 1065 261 1110 nascuntur.
297 1058 338 1108 21.
358 1058 442 1110 Cuius
463 1061 540 1110 vocis
560 1074 680 1121 mernor,
705 1075 788 1127 quum
809 1066 908 1127 postea

93 1124 270 1179 thuriferam
279 1125 407 1178 Arabiam
422 1133 546 1192 pacaret,
565 1128 653 1179 multa
669 1127 785 1178 odorum
801 1127 909 1178 talenta

95 1194 181 1246 misit
196 1192 348 1256 Leonidae,
370 1209 431 1244 cum
446 1196 592 1257 mandatis,
608 1210 642 1246 ae
657 1193 774 1262 posthac
789 1197 818 1245 iu
835 1195 907 1245 Deo-

93 1279 162 1316 rum
177 1259 330 1311 honoribus
348 1251 512 1312 iadstrictior
530 1277 593 1314 esse
609 1263 703 1325 vellet,
719 1277 789 1330 quos
804 1263 906 1313 intelli-

94 1335 183 1399 geret
194 1329 267 1379 dona
277 1326 405 1379 hilariter
415 1329 510 1380 oblata
521 1336 576 1380 tam
587 1330 671 1397 larga
680 1345 760 1380 manu
774 1329 906 1397 repende-

94 1413 139 1449 re.
159 1399 202 1446 22.
215 1396 304 1445 Animi
315 1397 440 1448 sublimis
451 1405 481 1447 et
490 1413 590 1464 magna
601 1399 728 1449 conaturi
741 1397 907 1449 documenta

93 1471 209 1516 mature
220 1462 305 1515 dedit.
315 1523 319 1532 ,
342 1465 434 1516 Persis
446 1480 480 1516 ea
489 1471 656 1532 tempestate
667 1467 844 1527 Artaxerxes,
860 1480 906 1516 co·

94 1537 254 1602 guomento
282 1531 389 1594 Ochus,
422 1540 559 1598 praeerat.
606 1533 674 1582 Eum
701 1533 855 1584 Artabazus
878 1541 907 1582 et

94 1599 230 1664 Menapis
259 1599 411 1664 satrapae,
443 1601 628 1666 Memnonque
658 1599 795 1661 Rhodius,
828 1614 906 1667 agre·

95 1670 164 1737 gius
176 1667 241 1725 dux,
249 1665 325 1717 bello
336 1667 547 1728 lacessiverant,
565 1667 615 1718 sed
628 1667 754 1734 potentia
766 1667 843 1734 regis
860 1683 905 1732 op-

94 1734 206 1802 pressi,
221 1733 335 1785 deserta
348 1734 412 1782 Asia
422 1733 456 1783 ad
468 1732 623 1799 Philippum
634 1733 824 1800 profugerant.
863 1735 904 1782 2³.

95 1803 152 1854 His
166 1808 227 1853 tum
238 1799 397 1854 Alexander
418 1802 546 1866 septenni
559 1801 649 1850 minor
664 1800 732 1850 mire
749 1798 906 1850 delectaba-

94 1878 152 1933 tur,
170 1869 327 1938 crebroque
340 1868 374 1919 de
383 1868 468 1920 rebus
480 1867 601 1918 Persicis
614 1866 816 1934 interrogabat:
836 1865 907 1916 nibil

95 1938 212 2004 quidem
223 1937 331 2004 puerile
342 1941 371 1987 et
381 1935 538 1997 sordidum,
549 1936 612 1986 sed:
624 1935 723 2002 quibus
734 1934 852 1986 maxime
862 1934 905 1984 lir-

98 2007 248 2058 mamentls
273 2020 341 2073 opes
363 2005 459 2071 regiae
483 2002 653 2055 niterenturl
682 2003 743 2071 quis
766 2015 905 2053 armorum

97 2088 177 2134 usus,
189 2089 260 2140 quae
271 2073 388 2125 audacia
396 2073 478 2132 viris,
495 2079 597 2137 quanta
611 2071 691 2152 equis
701 2071 851 2138 pernicitas
860 2079 904 2120 es-

98 2139 160 2190 setl
179 2148 248 2208 quot
261 2141 368 2192 dierum
385 2140 485 2192 itinere
495 2139 663 2190 Macedonia
680 2139 800 2190 distaret
810 2137 904 2190 Susisl

99 2221 171 2273 quae
189 2209 251 2276 regi
262 2223 370 2260 morum
381 2208 435 2270 ria,
454 2222 578 2275 quaeque
591 2206 756 2258 exercitatio
767 2209 902 2272 corporis,

99 2281 184 2341 atque
202 2277 297 2342 opinio
314 2276 425 2326 virtutis
444 2273 534 2325 ioretl
568 2275 610 2325 24.
630 2272 841 2341 Posteaquam
857 2273 902 2325 de-

98 2350 232 2406 precante
251 2343 338 2395 fratre
352 2343 510 2393 Memnonis
523 2343 665 2403 Mentore,
686 2341 762 2392 caius
776 2356 901 2394 sororem

55 2445 57 2450 .
98 2408 128 2458 in
137 2411 316 2463 matrimonio
326 2410 480 2461 Artabazus
492 2408 623 2470 habebat,
645 2424 705 2459 oum
722 2410 864 2462 exsulibus
874 2410 903 2459 in

100 2477 219 2540 gratiam
229 2478 347 2530 rediiset
356 2475 458 2540 Ochus,
471 2492 576 2544 eosque
587 2473 739 2544 aPhilippo
751 2482 902 2546 repeteret,

98 2541 256 2598 Alexander
270 2547 380 2614 legatos
395 2546 514 2596 eximiae
529 2548 559 2596 in
572 2543 683 2595 tantilla
696 2551 789 2596 aetate
800 2543 903 2594 indolis

100 2608 285 2664 admiratione
295 2614 336 2664 ita
345 2612 478 2679 perculit,
497 2618 529 2664 ut
537 2627 608 2662 unus
618 2625 714 2662 eorum
724 2612 752 2661 ln
763 2610 831 2662 haec
842 2624 902 2660 rer·

99 2668 136 2726 lla
144 2687 346 2749 prorumperet,
357 2678 412 2731 Hic
422 2680 526 2747 quidem
531 2694 600 2746 puer
610 2694 723 2746 maguus
735 2686 775 2728 ert
783 2691 846 2735 ren
857 2692 902 2726 aa·
