2054 3030
73 192 121 240 loo
289 185 459 248 QUlN'l'l
489 186 652 236 CUR'l'll

72 296 194 340 traverat
205 293 322 354 portum,
335 295 362 338 et
373 288 482 356 quidam
492 287 674 338 Macedonum
686 289 714 336 in
725 292 815 338 turres
827 284 877 337 bo-

71 359 154 408 stium
166 355 291 406 desertas
303 362 458 406 evaserant:
480 371 562 421 quum
572 355 662 420 'syrii
674 360 716 405 tot
726 355 808 404 simul
820 369 877 405 ma-

71 426 106 474 lis
117 423 192 484 victi,
203 422 250 473 alii
262 423 399 490 supplices
411 423 437 472 in
449 423 551 488 templa
562 420 736 488 confugiunt,
748 422 795 471 alii
807 421 876 472 tori-

71 492 122 541 bus
134 489 244 540 aedium
257 491 394 541 obseratis
410 497 545 556 occupant
557 489 673 538 liberum
689 489 787 543 mortis
803 489 875 540 arbi-

70 558 165 620 trium,
185 558 309 608 nonnulli
327 563 409 607 ruunt
425 558 452 606 in
463 555 584 618 hostem,
601 555 672 606 lraud
687 556 766 606 inulti
781 561 875 608 tannen
945 605 948 610 .

70 625 198 690 perituri:
222 625 262 676 13.
274 639 373 690 magna
385 638 448 689 pars
459 639 564 673 summa
572 631 708 674 tectorum
721 623 874 685 obtinebat,

73 707 149 755 saxa,
163 698 192 742 et
207 691 339 759 quidquid
357 691 481 740 nranibus
494 689 553 740 fors
568 690 693 751 dederat,
713 690 874 758 ingerentes

73 760 263 811 subeuntibus.
291 759 454 819 Alexander,
466 757 590 823 exceptis
601 759 646 823 qui
657 757 685 806 in
697 757 800 823 templa
810 773 875 808 con-

71 826 211 894 fugerant,
234 841 328 878 omnes
339 825 468 886 interfici,
484 826 631 891 ignemque
648 825 732 874 tectis
747 825 822 875 inlici
835 825 875 876 iu-

71 895 127 944 bet.
165 896 205 946 14.
224 893 276 944 His
295 907 344 958 per
357 906 509 957 praecones
524 892 719 957 pronuntiatis,
735 906 817 944 nenio
832 898 874 943 ta-

70 977 133 1012 men
144 968 265 1012 armatus
276 975 355 1026 opem
366 973 383 1008 a
393 958 453 1009 [liis
463 965 559 1024 petere
569 959 711 1008 sustinuit:
730 959 806 1024 pueri
822 960 874 1008 vir-

73 1031 207 1096 ginesque
217 1028 319 1092 templa
329 1026 546 1090 compleverant3
560 1025 611 1076 viri
623 1026 649 1076 in
662 1026 801 1077 vestibulo
811 1042 873 1078 sua·

72 1111 132 1146 rum
143 1097 259 1163 quisque
270 1093 378 1143 aediunr
389 1090 506 1152 stabant,
518 1093 808 1157 paratasaevientibus
819 1100 875 1145 tur-

72 1165 117 1214 ba.
154 1163 195 1213 15.
214 1161 310 1211 Multis
323 1166 414 1209 tamen
428 1159 511 1210 saluti
522 1159 601 1209 fuere
613 1158 730 1221 Sidonii,
746 1161 792 1226 qui
803 1161 875 1212 intra

72 1230 256 1281 Macedonum
268 1226 406 1293 praesidia
418 1234 505 1276 erant.
525 1226 561 1276 lli
573 1225 667 1276 urbem
678 1227 788 1292 quidem
803 1229 876 1279 inter

74 1299 195 1347 victores
206 1296 385 1355 intraverant,
397 1294 445 1344 sed
457 1293 633 1360 cognationis
645 1309 706 1344 cunr
716 1295 811 1362 'l'yriis
822 1311 876 1346 me-

74 1378 175 1424 mores,
188 1363 299 1430 (quippe
312 1367 455 1427 utramque
466 1361 559 1412 urbem
570 1362 725 1427 Agenorem
737 1363 876 1414 condidis-

76 1446 105 1481 se
118 1430 288 1493 credebant,)
299 1429 402 1479 multos
412 1428 571 1496 Tyriorum,
587 1431 670 1480 etiam
686 1437 876 1496 protegentes,

75 1500 110 1550 ad
125 1513 175 1548 sua
189 1499 343 1564 perduxere
362 1497 484 1563 navigia:
506 1496 604 1563 quibus
625 1497 757 1548 occultati
772 1497 878 1549 Sidona

75 1565 181 1616 devecti
194 1571 265 1616 sunt.
303 1564 466 1625 Quindecim
482 1565 569 1615 millia
585 1562 638 1614 hoo
652 1563 725 1614 furto
742 1564 879 1616 subducta

75 1633 208 1684 saevitiae
229 1639 299 1683 sunt.
346 1632 385 1683 lo.
411 1633 603 1698 Quantumque
623 1632 766 1698 sanguinis
786 1631 878 1684 lusum

75 1701 120 1763 sit,
141 1701 184 1752 vel
200 1715 236 1752 ex
255 1700 308 1751 hoe
324 1700 476 1752 existimari
491 1706 596 1766 potest,
618 1701 690 1766 quod
706 1700 778 1750 intra
790 1701 879 1751 niuni-

74 1777 167 1819 menta
177 1768 253 1820 urbis
263 1784 312 1820 sex
321 1768 408 1820 millia
419 1779 585 1818 armatorum
596 1766 734 1817 trucidata
742 1773 817 1818 sunt.
838 1769 879 1818 lt.

75 1838 168 1890 Triste
180 1837 279 1888 deinde
291 1835 478 1903 spectaculum
490 1835 641 1886 victoribus
653 1835 879 1900 irapraebuitre-

75 1905 127 1970 gis.
163 1904 226 1954 Duo
241 1905 339 1966 millia,
360 1904 497 1969 inquibus
514 1903 660 1952 occidendi
677 1901 821 1955 defecerat
835 1917 879 1953 ra·

74 1971 144 2033 bies,
157 1971 284 2022 crucibus
296 1971 369 2021 affixi
380 1985 429 2034 per
439 1970 537 2035 ingens
548 1968 640 2019 litoris
652 1971 770 2037 spatium
778 1973 880 2037 peperi·

75 2039 182 2090 derunt.
221 2038 260 2087 18.
281 2035 550 2102 Carthaginiensium
564 2035 667 2102 legatis
678 2039 813 2104 pepercit,
832 2039 881 2088 ad·

74 2107 133 2156 dita
144 2106 352 2169 denuntiatione
362 2102 520 2168 belli,quod
531 2107 717 2168 praesentium
730 2119 819 2155 rernm
831 2093 881 2156 τιέ-

76 2175 192 2225 cessitas
204 2175 365 2222 moraretur.
396 2167 435 2220 lli.
446 2169 538 2235 'syrus
551 2173 668 2238 septimo
680 2187 783 2234 mense,
796 2187 880 2240 quam

76 2239 228 2305 oppugnari
241 2243 341 2302 coepta
355 2243 426 2299 erat,
440 2245 521 2303 capta
537 2245 593 2300 est3
613 2239 677 2290 urbs
692 2245 720 2290 et
738 2245 881 2292 vetustate

75 2307 208 2370 originis,
228 2310 256 2354 et
270 2305 367 2354 crebra
381 2302 509 2356 fortunae
526 2307 661 2358 varietate
671 2307 705 2356 ud
717 2309 881 2358 memoriam

75 2371 247 2440 posteritatis
258 2372 385 2438 ins-ignis.
421 2373 541 2424 Condita
555 2375 590 2425 ab
601 2375 740 2442 Agenore,
761 2374 808 2426 diu
822 2389 882 2426 ma-

75 2453 115 2500 re,
128 2452 183 2487 non
195 2439 311 2488 ricinum
326 2440 418 2501 modo,
435 2441 483 2490 sed
500 2440 628 2508 quodcum
649 2456 684 2493 ne
696 2443 801 2493 classes
817 2444 882 2494 eius

77 2506 216 2568 adierunt,
229 2506 344 2558 ditionis
356 2522 422 2558 suae
434 2507 510 2559 lecit.
547 2508 593 2570 Et,
605 2458 729 2560 siiamae
740 2509 809 2560 libet
820 2525 883 2560 cre-

76 2573 152 2635 dere,
163 2572 232 2624 baec
242 2589 310 2640 gens
321 2574 417 2626 literas
428 2576 515 2640 prima
527 2582 574 2626 aut
584 2575 694 2638 docuit,
714 2583 762 2627 aut
771 2577 883 2629 didicit.

76 2643 117 2691 20.
147 2641 280 2693 Coloniae
300 2649 375 2693 certe
400 2644 460 2693 eius
479 2655 567 2707 paene
589 2642 657 2693 orbe
677 2649 737 2694 toto
759 2641 881 2696 dillirsae

73 2714 151 2759 sunta
171 2708 308 2778 Carthago
319 2713 346 2760 in
358 2708 458 2772 Africa,
470 2709 497 2758 in
508 2708 629 2759 Boeotia
641 2708 767 2774 Thebae,
784 2709 883 2762 Gades
