2048 3034
273 184 421 235 LIBER
449 184 495 235 Vl.
525 184 619 234 GAP.
648 185 672 235 3.
828 183 877 234 235

24 258 25 265 ¹
76 286 211 354 quaedam
230 285 353 352 ipsarum
371 299 463 337 rerum
482 283 631 337 multitudo
646 285 817 338 subduxerit.
853 286 877 336 5.

77 355 172 422 ltaque
183 354 208 404 si
220 353 376 414 crederem,
396 354 465 404 satis
480 360 585 404 certam
596 366 659 402 esse
668 354 876 417 possessionem

77 430 220 482 terrarum,
246 435 295 472 uas
305 427 384 472 tanto
393 421 544 472 velocitate
555 419 723 483 domuimus3
735 435 788 486 ego
798 435 875 483 vero,

76 489 189 551 milites,
209 436 245 538 ag
257 495 373 555 penates
387 503 477 550 meos,
496 489 532 538 ad
546 496 690 554 parentem
699 501 875 555 sororesque,

74 563 104 606 et
114 563 224 608 eeteros
236 557 324 619 eires,
334 557 381 608 rel
389 555 576 607 renitentibus
586 555 681 616 vobis,
696 567 875 622 erumperem,

74 622 105 675 ut
121 624 162 674 ibi
180 625 354 690 potissimum
374 629 454 689 parta
472 623 617 673 vobiscum
637 620 720 672 laude
739 627 769 672 et
786 621 876 688 gloria

73 691 191 754 fruerer,
212 692 260 743 ubi
278 706 330 742 nos
346 691 487 742 uberrima
500 690 636 740 victoriae
646 688 770 755 praemia
780 701 876 754 exspe-

72 765 159 810 ctant:
179 758 342 819 liberorum,
361 758 520 824 coniugum,
538 761 737 823 parentumque
758 756 875 818 laetitia,

72 841 134 892 pax,
146 826 239 893 quies,
249 841 343 876 rerum
352 839 403 891 per
412 825 542 875 virtutem
553 829 693 890 partarum
703 837 804 876 secura
813 836 876 888 por-

74 895 174 945 sessio.
211 892 235 944 t.
256 893 313 944 Sed
321 893 350 942 in
361 906 444 952 novo,
457 897 494 954 et,
506 893 530 942 si
541 905 634 942 verum
642 890 729 947 ,lateri
739 889 876 952 volumus,

72 960 201 1027 precario
220 960 349 1025 imperio,
371 957 462 1010 adhue
475 957 570 1026 iu'gum
584 959 645 1008 eius
660 958 752 1025 rigida
767 958 875 1008 cervice

72 1026 256 1079 subeuntibus
275 1027 416 1087 barbaris,
436 1033 574 1094 tempore,
593 1026 709 1085 milites,
734 1040 803 1092 opus
823 1029 875 1087 est,

72 1095 137 1146 dum
147 1093 307 1146 mitioribus
316 1094 437 1161 ingeniis
447 1095 614 1155 imbuuntur,
625 1099 653 1145 et
665 1091 799 1144 efferatos
807 1091 876 1143 mol-

70 1163 127 1213 lior
144 1162 318 1213 consuetudo
332 1163 493 1228 permulcet.
528 1164 553 1211 7.
571 1161 679 1228 Fruges
693 1174 804 1228 quoque
820 1174 875 1210 ma·

71 1230 215 1282 turitatem
235 1235 339 1280 statuto
360 1237 485 1296 tempore
505 1235 679 1295 exspectant:
699 1227 770 1279 adeo
791 1228 875 1278 etiam

70 1297 120 1348 illa
131 1312 231 1348 sensus
241 1297 329 1348 omnis
340 1298 571 1365 expertia,tamen
582 1311 633 1348 sua
643 1297 707 1363 lege
716 1298 874 1347 mitescunt.

71 1365 95 1414 8.
116 1363 208 1425 uuida
227 1363 342 1416 creditis
352 1371 395 1416 tot
406 1372 517 1432 gentes,
529 1365 644 1415 alterius
654 1363 772 1430 imperio
784 1377 816 1414 ao
825 1378 874 1413 uo-

71 1433 143 1484 miue
159 1431 301 1493 adsuetas,
322 1448 378 1482 non
391 1435 487 1494 saeris,
507 1447 563 1481 non
577 1431 710 1494 moribus,
730 1445 786 1482 non
801 1445 874 1480 eom·

72 1501 176 1550 mersio
188 1499 301 1566 linguae
312 1499 456 1550 nobiseum
469 1497 663 1559 cohaerentes,
684 1499 783 1548 eodem
793 1511 873 1564 proe-

73 1567 110 1618 lio
121 1567 243 1618 domitas
256 1581 327 1626 osse,
338 1581 393 1632 quo
404 1569 494 1616 vietae
505 1565 584 1615 suntl
594 1563 703 1615 Vestris
713 1565 797 1614 armis
809 1579 873 1614 eon-

71 1634 325 1694 tinentur,nonsuis
333 1633 469 1693 moribus3
477 1639 505 1682 et
515 1633 562 1697 qui
570 1637 731 1696 praesentes
738 1636 872 1691 metuunt,

72 1702 99 1751 in
113 1700 244 1752 absentia
259 1695 356 1749 hostes
371 1705 458 1750 erunt.
494 1700 563 1750 Cum
578 1697 646 1748 ieris
656 1698 755 1747 bestiis
764 1712 810 1746 res
822 1704 873 1758 est,

73 1784 138 1834 quas
159 1772 256 1832 eaptus
276 1772 305 1816 et
324 1766 456 1827 inclusas,
477 1766 541 1831 quia
559 1767 681 1830 ipsarum
701 1770 801 1813 natura
818 1778 875 1813 non

72 1841 172 1900 potest,
195 1834 308 1900 longior
327 1833 389 1884 dies
401 1835 520 1900 mitigat.
555 1831 580 1882 9.
599 1831 636 1881 Et
650 1829 740 1880 adhue
753 1830 795 1881 sio
810 1843 873 1895 ago,

72 1911 202 1971 tanquam
213 1903 306 1953 omnia
317 1901 433 1952 subacta
443 1901 499 1951 sint
513 1899 613 1962 armis,
633 1912 705 1973 quae
720 1897 834 1947 fuerunt
846 1897 874 1946 in

72 1969 180 2022 ditione
213 1969 301 2020 Darii.
341 1969 513 2036 Hyrcaniam
544 1967 723 2018 Nabarzanes
757 1978 874 2030 occupa·

72 2038 121 2089 vite
147 2038 252 2089 Baetra
268 2052 324 2087 non
345 2037 435 2088 solum
453 2036 580 2104 possidet
620 2033 741 2085 arrieida
759 2032 873 2093 Bessus,

73 2105 217 2156 sedetiam
228 2106 356 2155 minatur.
393 2105 537 2172 Sogdiani,
557 2051 665 2164 Babae,
684 2101 873 2166 Massagetae,

75 2171 170 2237 Sarae,
190 2173 261 2234 lndi,
282 2175 326 2224 sui
334 2172 404 2224 iuris
415 2179 486 2223 sunt.
523 2173 626 2228 Omnes
639 2168 677 2230 hi,
698 2167 781 2218 simul
792 2173 876 2234 terga

54 2247 169 2292 nostra
187 2240 316 2301 viderint,
337 2245 497 2306 sequentur.
533 2240 574 2288 lo.
591 2238 638 2288 llli
657 2235 730 2286 enim
749 2233 875 2286 eiusdem

74 2308 194 2358 nationis
209 2313 285 2368 sunt3
306 2322 362 2357 non
374 2307 549 2373 alienigenae
560 2311 589 2355 et
599 2305 715 2355 externi.
753 2301 816 2354 Suis
826 2316 873 2353 uu·

73 2379 130 2424 tem
141 2377 241 2442 quique
252 2379 351 2440 parent
360 2374 509 2441 placidius3
530 2375 613 2423 etiam
624 2386 706 2436 quum
717 2370 741 2420 is
751 2377 871 2435 praeest,

74 2442 121 2506 qui
131 2445 219 2510 magis
229 2443 322 2493 timeri
333 2449 435 2510 potest.
459 2440 591 2500 Proinde,
603 2447 651 2491 aut
661 2452 730 2504 quae
740 2438 873 2504 cepimus,

75 2509 311 2571 amittendarum,
330 2516 378 2561 aut
389 2524 458 2576 quae
472 2523 528 2559 non
541 2505 683 2567 habemus,
704 2506 873 2572 occupanda.

75 2575 113 2624 ll.
134 2575 212 2628 Siout
231 2578 259 2627 in
280 2577 444 2642 corporibus
463 2575 566 2642 aegris,
586 2574 699 2635 milites,
719 2569 875 2638 nihilquod

73 2643 227 2695 nociturum
239 2651 291 2706 est,
311 2645 411 2696 medici
421 2644 593 2709 relinquunt;
613 2642 654 2692 sie
664 2657 724 2703 nos,
740 2638 874 2707 quidquid

74 2709 168 2762 obstat
185 2713 315 2777 imperio,
341 2712 504 2762 recidamus.
540 2711 629 2761 Parva
648 2723 731 2774 saepe
752 2705 876 2758 scintilla
