2048 3034
129 141 199 221 'sss
367 163 539 224 ourn'rr
567 163 733 216 couri-r

149 266 297 338 peregrino
312 265 396 316 militi
409 267 530 326 madere,
552 265 682 316 dansnata
695 264 871 331 popularium
885 265 955 331 title,

148 349 230 402 quern
239 332 435 400 perducentes
446 338 475 386 et
483 333 601 400 triginta
611 347 698 383 annos
708 332 871 384 inviolatam
878 335 955 402 regi.

146 403 197 453 bus
215 401 273 452 suis
286 401 501 467 praestitissent.
538 402 578 451 le.
598 399 645 462 Se,
664 402 693 451 in
706 401 854 468 praecipiti
869 406 898 452 et
911 401 955 454 lu-

145 469 225 520 brico
235 474 369 530 stantem,
389 467 565 519 consiliuma
574 469 716 535 praesenti
728 468 900 520 necessitate
909 483 955 520 re·

164 537 260 588 etisse.
296 535 549 602 Duriumquoque,
571 550 654 604 quum
665 535 817 588 occidisset
826 535 870 587 Ba
890 551 957 600 oen,

145 553 198 656 Rae
209 604 391 656 emanatione
402 602 577 669 satisfecisse
587 603 778 670 popularibus,
800 619 856 670 quo
887 605 956 656 insi-

146 672 269 724 diantem
289 671 344 723 sibi
361 671 559 723 interemisset.
601 673 641 721 11.
660 668 742 722 Nihil.
756 685 820 721 esse
840 673 956 724 miseris

144 739 311 792 mortalibus
322 739 423 806 spiritu
431 739 537 790 carius:
555 751 650 789 amore
661 739 721 789 eius
732 738 767 788 ad
778 739 879 790 ultima
889 754 956 791 esse

145 807 318 876 propulsums
329 807 381 860 sed
390 821 424 858 ea
432 806 522 874 magis
533 819 596 856 esse
607 811 745 868 secutum,
758 819 830 872 quae
842 808 954 876 coegis-
1013 799 1014 878 l

146 882 191 927 set
200 875 365 936 necessitas,
376 889 457 942 quam
467 888 539 941 quae
550 877 685 940 optasset.
712 873 746 924 ln
755 876 899 926 communi
910 889 953 926 ea·

145 945 270 994 lumitate
290 957 368 993 suam
386 955 522 1008 quemque
541 938 645 992 habere
663 939 814 991 fortunam.
861 945 903 996 12.
923 942 953 994 Si
1011 907 1014 1020 l

145 1011 241 1062 venue
253 1009 411 1068 scinderet,
422 1008 483 1059 sine
494 1014 570 1059 metu
581 1023 643 1060 esse
653 1014 807 1061 venturum.
844 1008 909 1062 Non
919 1011 953 1062 ti·

145 1075 953 1199 uzzant„litsrtt³¹⁰1t²¹²tttsstnt⁰¹2iilitt:

453 1179 460 1193 ·
531 1179 538 1194 ·
726 1182 734 1207 r

145 1219 198 1274 ret,
217 1211 360 1262 videretur
369 1210 511 1276 indignus,
525 1211 613 1262 multa
623 1212 724 1263 exsilia
733 1218 830 1280 patere
843 1213 874 1265 fu
898 1215 954 1266 ien-

145 1281 180 1331 ti:
200 1278 319 1344 patriam
331 1291 403 1340 esse,
423 1277 580 1345 ubicunque
597 1280 640 1330 vir
653 1279 736 1332 tortis
752 1280 876 1334 sedente
890 1297 953 1351 ege·

145 1346 214 1397 rit.“
249 1345 289 1394 14.
309 1342 369 1396 Nee
379 1344 516 1397 dubitavit
525 1346 696 1409 Alexander,
710 1348 807 1412 tidem,
819 1365 876 1416 quo
888 1350 953 1403 Per·

147 1426 196 1465 sae
206 1411 291 1463 modo
301 1413 486 1479 accipiebant,
498 1413 576 1465 dare:
596 1415 775 1480 inviolatum,
786 1418 811 1468 si
820 1420 953 1480 venisset,

146 1480 219 1532 iore.
255 1479 398 1542 Quadrato
418 1486 512 1535 tamen
532 1483 643 1550 agmine
665 1492 694 1536 et
711 1487 870 1552 composito
884 1487 952 1547 ibet,

147 1547 339 1615 speculatores
360 1549 478 1601 subinde
496 1552 687 1616 praemittens,
707 1555 755 1619 qni
774 1553 954 1620 explorarent
1014 1530 1015 1624 l

146 1617 219 1668 loca.
258 1617 299 1668 15.
318 1616 403 1668 Levis
413 1625 555 1670 armatura
565 1619 685 1670 ducebat
702 1633 813 1686 agmen:
832 1619 953 1686 phalanx

148 1699 209 1736 eam
230 1686 414 1752 sequebatur3
434 1693 499 1753 post
518 1687 628 1752 pedites
648 1693 727 1738 erant
744 1688 952 1753 impedimenta.
1014 1735 1015 1742 ,

146 1753 263 1828 Ergens
273 1752 420 1816 bellicosa,
442 1760 579 1805 etnatura
589 1755 660 1805 situs
671 1754 793 1805 difficilis
805 1755 894 1818 aditu,
910 1770 952 1807 cu·
1014 1749 1015 1792 ἶ

146 1837 207 1874 ram
225 1822 302 1890 regis
320 1822 489 1873 intenderat.
526 1819 711 1889 lti'Namque
725 1823 953 1889 perpetuavsllis
1014 1867 1015 1880 ,

147 1891 232 1952 iacet,
251 1904 340 1957 usque
354 1889 391 1939 ad
403 1903 480 1940 mare
491 1890 621 1955 Caspium
636 1897 744 1956 patens.
779 1890 844 1941 Duo
859 1896 953 1942 terrae
1014 1919 1015 1958 3

149 1959 209 2009 eius
219 1957 298 2007 velut
306 1954 422 2006 brachia
432 1963 594 2010 excurrunt:
606 1957 699 2008 media
709 1955 784 2009 flexu
793 1959 908 2010 modico
919 1959 954 2009 si·
1014 2001 1015 2010 ,

148 2040 212 2076 uum
222 2022 338 2085 faciunt,
357 2023 440 2072 lunae
450 2025 569 2074 maxime
584 2025 712 2087 similem,
734 2041 817 2092 quum
831 2027 956 2077 eminent
1014 2031 1015 2056 ³

148 2106 262 2153 cornua,
282 2089 403 2140 nondum
416 2095 507 2140 totum
521 2091 616 2142 orbem
628 2093 721 2144 sidere
731 2094 874 2160 implente.
913 2093 954 2143 l'l.
1014 2127 1015 2130 κ

149 2161 284 2212 Cercetae
297 2156 840 2226 etMosynietChalybesalaevasunt:
862 2162 897 2212 al
916 2161 955 2212 sl·
1014 2131 1015 2220 l

147 2233 209 2278 tera
228 2231 307 2292 parte
322 2223 479 2291 Leucosyri
494 2230 523 2275 et
532 2227 701 2278 Amazonum
718 2231 822 2295 campi3
844 2235 874 2280 et
886 2229 954 2280 illes
1014 2243 1015 2262 ¹

148 2308 203 2358 qua
214 2293 307 2359 vergit
316 2291 352 2342 ad
364 2291 609 2359 septemtrionem,
630 2293 682 2346 hos
699 2294 734 2346 ad
746 2310 877 2347 occasum
890 2312 956 2347 con-

146 2365 407 2426 versaprospectat.
443 2362 483 2413 18.
502 2362 731 2428 MareGaspium,
753 2363 863 2414 dulcius
882 2371 958 2414 cete·

145 2427 200 2492 ris,
224 2427 346 2493 ingentis
365 2429 563 2496 magnitudinis
583 2437 727 2496 serpentes
748 2431 810 2482 alit:
835 2432 957 2498 piscium

145 2495 231 2562 longe
242 2494 369 2547 diversus
382 2495 416 2546 ab
427 2495 490 2548 aliis
501 2498 589 2548 color.
610 2497 728 2560 Quidam
740 2498 883 2566 Caspium,
896 2501 957 2566 qui·

147 2563 210 2614 darn
220 2561 391 2629 Hyrcanium
402 2564 554 2630 appellant:
567 2566 615 2616 alii
626 2571 698 2627 sunt,
707 2567 754 2633 qui
760 2567 897 2618 Maeotim
907 2582 958 2635 pa-

146 2631 240 2681 ludem
250 2631 279 2681 in
289 2631 317 2680 id
328 2633 428 2684 cadere
440 2637 548 2696 putent:
572 2639 600 2682 et
614 2640 806 2700 argumentum
821 2633 957 2697 efferunt,

147 2713 256 2764 aquarn,
276 2699 350 2766 quud
361 2699 470 2752 dulcior
481 2701 519 2750 sit
531 2714 613 2766 quarn
627 2707 722 2754 cetera
740 2702 837 2765 maria,
858 2699 957 2756 inluso
