2054 3030
333 173 481 226 LIBER
508 177 554 227 111.
584 179 736 230 CAP.12.
888 183 936 232 131

127 276 235 343 quitate
251 278 428 340 coniunctos,
448 294 499 345 pro
519 277 615 330 babitu
628 283 783 346 praesentis
804 281 935 335 fortunae

102 360 107 366 ·
127 342 237 394 humari
252 346 345 410 iussit;
365 353 525 414 apparatum
541 347 679 410 funerum,
702 365 755 414 quo
772 350 875 401 Persae
889 369 933 403 su-

125 425 225 476 prema
242 413 333 462 officia
352 415 539 477 celebrarent,
559 415 727 466 invidiosum
746 416 808 468 fore
837 421 932 471 existi-

126 493 215 542 mans,
225 495 307 547 quum
317 479 440 532 victores
450 480 523 532 baud
534 482 658 547 pretiose
671 492 866 537 cremarentur.
891 487 930 536 15.

124 547 240 612 iamque
251 548 331 598 iustis
343 548 536 600 defunctorum
548 550 713 617 corporibus
725 552 837 612 solutis,
856 569 934 619 prae-

124 614 215 666 mittit
227 615 262 665 ad
280 618 412 682 captivas,
425 617 471 682 qui
482 617 651 679 nuntiarent,
666 617 758 686 ipsum
771 619 879 681 venire:
894 623 934 672 in-

125 679 269 750 hibitaque
280 685 471 736 comitantium
481 685 575 747 turba,
586 684 795 735 tabernaculum
807 685 934 738 cum‘He-

122 747 291 815 pbaestione
305 753 402 802 intrat.
439 750 480 800 16.
499 750 526 801 ls
545 751 630 818 longe
647 755 769 802 omnium
784 754 935 818 amicornm

123 818 287 870 carissimus
302 819 444 884 eratregi,
462 833 523 868 cum
536 820 599 884 ipso
617 821 722 884 pariter
732 819 877 884 educatus,
893 838 934 871 se-

124 893 268 937 cretorum
282 888 405 936 omnium
419 885 535 935 arbiter:
556 886 694 938 libertatis
713 903 823 954 quoque
844 888 873 937 in
890 890 935 938 ad-

121 956 266 1006 monendo
284 967 318 1003 eo
332 969 388 1002 non
405 952 476 1003 alius
490 953 534 1004 ius
552 951 683 1018 babebat3
700 956 775 1022 quod
789 962 881 1006 tamen
895 957 936 1006 ita

123 1019 293 1085 usurpabat,
314 1025 345 1070 ut
353 1021 443 1086 magis
454 1035 546 1088 arege
557 1023 734 1089 permissum,
756 1039 837 1090 quam
847 1023 935 1073 vindi-

123 1094 222 1139 catum
233 1087 266 1137 ab
278 1101 312 1136 eo
324 1087 475 1138 videretur:
497 1095 525 1139 et
544 1091 616 1140 sieut
628 1097 721 1141 aetate
731 1106 782 1156 par
792 1099 853 1141 erat
863 1093 934 1157 regi,

98 1177 113 1190 ν
121 1158 169 1206 ita
180 1155 307 1220 corporis
318 1153 413 1206 habitu
423 1157 591 1221 praestabat.
629 1159 668 1208 17.
689 1159 765 1225 Ergo
777 1160 893 1226 reginae
903 1159 935 1208 il-

120 1225 185 1276 lum
195 1236 290 1289 regem
301 1237 363 1274 esse
374 1230 462 1286 ratae,
471 1241 521 1276 suo
533 1241 611 1276 more
623 1233 772 1276 veneratae
784 1232 856 1278 sunt.
892 1226 934 1277 ln¹

121 1291 161 1342 de
177 1290 348 1356 spadonibus
359 1292 489 1358 captivis,
509 1294 571 1361 quis
580 1293 738 1345 Alexander
748 1300 837 1357 esset,
857 1310 934 1346 mon·

121 1357 291 1421 strantibus,
315 1358 490 1426 Sysigambis
511 1361 642 1411 advoluta
661 1368 705 1412 est
722 1362 840 1428 pedibus
861 1363 931 1424 eius,

120 1428 332 1494 ignorationem
352 1442 490 1494 nunquam
512 1435 594 1480 antea
612 1429 666 1480 visi
685 1432 761 1496 regis
786 1445 932 1482 excusans.

123 1495 217 1556 Quam
226 1497 309 1545 manu
318 1494 451 1546 adlevans
462 1510 522 1558 rex,
533 1511 587 1547 non
597 1497 703 1560 errasti,
719 1498 818 1564 inquit,
834 1507 932 1548 mater.

120 1578 188 1614 mam
207 1569 233 1612 et
251 1560 296 1613 tic
313 1562 465 1614 Alexander
479 1571 525 1614 ert.
563 1564 604 1615 18.
624 1563 770 1632 Equidem,
784 1564 835 1616 hac
846 1564 934 1616 conti-

122 1631 222 1682 nentia
231 1630 318 1682 animi
331 1631 356 1681 si
371 1631 406 1681 ad
416 1631 544 1682 ultimum
553 1633 628 1682 vitae
639 1647 819 1698 perseverare
829 1634 934 1698 potuis-

122 1705 182 1761 set,
193 1697 352 1749 feliciorem
361 1697 449 1748 fuisse
461 1699 615 1760 crederem,
631 1715 712 1766 quarn
723 1701 797 1748 visus
809 1707 853 1749 est
862 1713 941 1759 essee

115 1783 209 1835 ,quum
219 1765 317 1816 Liberi
327 1767 415 1832 patris
425 1765 583 1815 imitaretur
597 1763 776 1830 triumphurn,
792 1765 825 1815 ab
839 1765 934 1814 Helle-

122 1840 227 1902 sponto
248 1847 336 1901 usque
357 1833 392 1884 ad
413 1834 553 1884 Oceanum
579 1847 674 1883 omnes
698 1838 796 1898 gentes
816 1833 935 1882 victoria

123 1917 265 1954 emensus.
303 1899 347 1952 19.
373 1899 496 1952 Vicisset
517 1899 646 1966 profecto
669 1899 827 1966 superbiam
852 1905 934 1965 atque

121 1973 206 2030 iram,
220 1969 295 2019 mala
307 1969 425 2020 invicta:
446 1968 630 2020 abstinuisset
642 1969 715 2020 inter
732 1968 828 2035 epulas
843 1967 934 2018 caedi-

11 2045 13 2054 “
100 2059 104 2064 ·
120 2039 179 2090 bus
191 2037 356 2088 amicorum:
377 2036 565 2105 egregiosque
577 2037 653 2088 bello
667 2039 753 2100 viros,
774 2043 802 2085 at
816 2041 859 2087 tot
869 2049 934 2102 gen-

120 2107 195 2158 tium
212 2119 307 2156 secum
327 2104 493 2166 domitores,
514 2106 621 2157 indicta
636 2120 720 2158 causa
733 2106 839 2154 veritus
860 2109 935 2153 esset

121 2172 267 2226 occidere.
304 2175 345 2223 2⁰.
366 2172 423 2224 Sed
441 2171 563 2224 nondum
582 2173 695 2225 fortuna
714 2187 744 2222 se
765 2171 857 2221 animo
873 2173 933 2223 eius

120 2240 332 2307 superfuderat.
374 2241 472 2307 Itaque
498 2241 635 2292 orientem
661 2255 722 2290 earn
741 2237 885 2290 moderate
906 2247 947 2298 et,

119 2307 276 2379 prudenter
288 2309 361 2372 tulit3
377 2310 412 2359 ad
422 2307 548 2359 ultimum
565 2307 785 2375 magnitudinem
803 2306 862 2357 eius
877 2323 932 2358 non

121 2377 209 2442 cepit
244 2379 285 2428 21.
306 2377 385 2426 Tunc
395 2376 507 2443 quidem
517 2377 558 2426 ita
571 2391 602 2426 se
613 2375 710 2442 gessit,
721 2379 752 2424 ut
762 2389 856 2426 omnes
867 2382 931 2426 ante

120 2459 190 2497 eum
200 2459 282 2512 reges
294 2451 322 2495 et
336 2445 509 2496 continentia
523 2449 551 2495 et
565 2443 714 2494 clementia
724 2444 856 2495 vinceret.
888 2445 930 2493 22.

118 2512 258 2579 Virgines
269 2513 342 2564 enim
352 2513 465 2580 reginas
476 2511 641 2563 excellentis
651 2509 758 2562 formae
768 2516 824 2562 tam
835 2517 931 2562 sancte

117 2579 231 2642 habuit,
243 2581 358 2646 quamsi
369 2581 479 2642 eodem,
490 2595 545 2647 quo
555 2581 626 2646 ipse,
641 2583 757 2646 parente
767 2579 879 2647 genitae
890 2575 931 2626 io-

116 2655 200 2706 rentt
221 2649 370 2714 coniugem
389 2648 529 2709 eiusdem,
553 2663 633 2716 quam
653 2647 731 2698 nulla
742 2647 844 2698 aetatis
864 2657 931 2693 suae

117 2715 331 2789 pulchritudine
344 2718 469 2782 corporis
480 2716 559 2778 vicit,
575 2715 646 2766 adeo
664 2729 723 2833 rplse
742 2730 797 2766 non
807 2710 931 2770 violavit,
