2054 3030
304 159 451 212 LlBER
477 161 524 214 lv.
554 163 650 215 caP.
680 165 704 212 2.
859 165 910 216 lta

101 258 239 310 cedonum
253 266 357 313 metum
370 269 514 314 verterunt
529 265 618 330 Tyrii.
655 265 694 314 14.
719 265 798 330 Apud
816 264 910 316 Mace-

102 327 191 378 donas
212 342 320 394 quoque
339 345 421 396 quum
443 330 518 382 forte
540 345 638 397 ponem
661 333 770 398 quidam
791 333 911 384 militum

100 393 255 460 frangeret,
267 401 402 449 manantis
413 400 557 465 sanguinis
569 405 661 465 guttas
669 407 845 465 notaverunt3
856 408 912 452 ter·

99 463 214 527 ritoque
224 476 299 529 rege,
310 466 481 528 Aristander,
492 465 678 532 peritissimus
688 473 908 534 vatum,respon·

100 529 155 590 dit,
173 530 196 579 si
208 531 380 582 extrinsecus
403 548 487 584 cruor
502 533 639 594 duxisset,
659 533 858 586 Macedonibus
879 537 908 588 id

98 597 183 646 triste
195 596 328 649 futurum:
345 607 452 660 contra,
468 616 550 667 quum
568 600 603 650 ab
617 600 751 650 interiore
765 610 842 668 parte
852 619 909 654 ma·

98 665 217 725 uraverit,
237 667 309 728 urbi,
330 682 411 733 quam
426 668 556 718 obsidere
572 667 770 728 destinassent,
794 670 907 720 exitium

118 733 277 784 ostendere.
315 735 354 784 15.
375 734 534 784 Alexander
548 749 631 800 quum
642 741 670 783 et
681 734 800 784 classem
811 738 908 800 procul

97 747 224 860 Kaberet,
241 809 270 851 et
279 801 392 868 longam
404 801 579 851 obsidionem
590 816 690 867 magno
701 801 754 850 sibi
767 802 802 852 ad
814 810 908 854 cetera

98 868 299 932 impedimento
311 869 421 918 videret
431 867 506 929 lore3
522 868 737 928 caduceatores,
755 870 801 934 qui
816 870 850 919 ad
862 885 907 935 pa-

99 950 160 985 cem
177 951 227 984 eos
241 936 451 1001 compellerent,
468 935 556 986 misit:
579 951 649 1002 quos
664 936 744 1001 'l'yrii
756 940 907 989 contraius

99 1002 226 1068 gentium
241 1003 352 1052 occisos
371 1003 625 1070 praecipitaverunt
643 1003 672 1052 in
687 1004 781 1054 altum.
819 1005 908 1071 Atque

96 1070 148 1118 ille
161 1083 275 1118 suorum
286 1075 341 1118 tam
353 1070 467 1138 indigna
481 1085 548 1120 nece
562 1077 728 1132 commotus,
748 1071 842 1122 urbem
859 1073 906 1123 ob-

98 1135 194 1186 sidere
215 1137 321 1186 statuit.
358 1136 396 1188 lli.
420 1138 475 1190 Sed
495 1146 559 1188 ante
580 1139 709 1189 iacienda
727 1137 816 1190 moles
837 1147 907 1201 erat,

98 1219 171 1271 quae
192 1203 287 1253 urbem
308 1206 461 1256 continenti
481 1207 677 1257 committeret.
714 1207 815 1274 ingens
836 1222 905 1274 ergo

98 1273 207 1322 aninros
219 1272 334 1321 militum
346 1272 504 1339 desperatio
516 1275 645 1336 incessit,
660 1276 831 1326 cernentium
843 1289 909 1341 pro·

97 1338 211 1389 fundum
223 1354 314 1401 arare,
337 1341 411 1406 quod
430 1342 476 1392 rix
490 1341 583 1392 divina
603 1356 656 1407 ope
671 1349 770 1408 posset
783 1344 903 1408 impleri:

99 1421 167 1472 quae
179 1421 248 1456 saxa
259 1414 313 1456 tam
324 1415 412 1470 vasta,
427 1416 560 1475 questam
571 1423 703 1478 proceras
714 1411 829 1460 arbores
842 1426 906 1476 pos·

98 1474 279 1540 se'reperirii
310 1473 514 1527 exhauriendas
535 1492 598 1528 esse
618 1479 763 1544 regiones,
785 1477 905 1528 utillud

98 1544 215 1608 spatium
231 1550 426 1608 aggerareturr
447 1550 476 1595 et
491 1553 656 1597 exaestuare
671 1559 780 1611 semper
793 1543 905 1604 fretum,

99 1623 206 1677 quoque
217 1611 306 1660 artius
317 1611 457 1662 volutetur
466 1613 539 1662 inter
549 1611 904 1673 insulametcontinentem,

98 1671 253 1728 hocaorius
266 1677 368 1728 furere.
405 1679 445 1728 17.
467 1683 502 1728 At
520 1679 583 1740 ille,
599 1676 810 1744 haudquaquam
828 1677 905 1728 rudis

16 1791 17 1804 ,
98 1746 234 1797 tractandi
249 1746 383 1796 militares
394 1746 515 1805 animos,
529 1746 650 1810 speciem
665 1745 718 1794 sibi
729 1744 860 1794 Herculis
876 1743 907 1794 in

16 1807 18 1846 ἕ
99 1827 194 1863 sonmo
206 1813 328 1864 oblatam
345 1827 408 1863 esse
420 1813 591 1878 pronuntiat,
605 1811 747 1862 dexteram
761 1812 907 1877 porrigen·

99 1879 147 1928 tis:
166 1881 216 1931 illo
234 1880 318 1942 duce,
338 1880 388 1930 illo
406 1879 551 1945 aperiente
560 1879 588 1929 in
601 1878 697 1928 urbem
707 1877 811 1928 intrare
823 1891 853 1927 se
866 1877 905 1927 vi·

16 1955 17 1960 ’
99 1961 165 1999 sum.
201 1949 277 1998 lnter
288 1948 366 2009 haec,
381 1947 581 2000 caduceatores
593 1944 768 2008 interiectos,
780 1945 905 2012 gentium

98 2011 158 2062 iura
168 2015 281 2076 violata,
296 2015 451 2067 referebat:
471 2031 552 2066 uuam
564 2029 627 2066 esse
638 2014 746 2070 urbem,
762 2025 833 2079 quae
844 2026 904 2062 cur-

100 2095 156 2129 sum
167 2084 282 2134 victoris
292 2085 396 2134 morari
406 2099 475 2136 ausa
484 2089 570 2134 esset.
606 2081 647 2132 18.
666 2081 791 2132 Ducibus
803 2079 903 2130 deinde

99 2151 240 2214 negotium
251 2150 340 2212 datur,
361 2159 393 2203 ut
411 2166 478 2205 suos
494 2153 610 2218 quisque
626 2150 759 2215 castiget:
779 2147 905 2213 satisque

101 2217 224 2272 cornibus
241 2219 403 2280 sfinrulatis,
420 2235 490 2286 opus
506 2233 586 2268 orsus
603 2223 655 2270 est.
690 2215 795 2282 Magna
808 2215 903 2266 vissa-

100 2293 194 2336 xorum
204 2285 241 2338 ad
251 2302 359 2337 manum
371 2293 444 2348 erat,
460 2287 538 2352 Tyro
555 2290 648 2336 vetere
663 2283 826 2350 praebente:
847 2298 901 2333 ma-

100 2350 183 2401 teries
193 2369 227 2404 er
242 2352 351 2406 Libano
366 2361 459 2406 monte
473 2353 580 2404 ratibus
594 2359 623 2402 et
632 2351 754 2402 turribus
764 2349 901 2402 faciendis

101 2413 257 2472 vehebatur.
295 2421 335 2474 lii.
347 2422 458 2489 lamque
469 2436 486 2470 a
495 2420 581 2471 fundo
593 2419 677 2469 maris
688 2419 716 2468 in
726 2418 902 2471 altitudinem

100 2485 199 2538 montis
216 2505 286 2556 opus
301 2494 476 2551 excreverat3
490 2488 612 2539 nondum
623 2493 715 2538 tamen
725 2501 813 2554 aquae
823 2485 902 2537 fasti·

57 2549 59 2554 '
100 2549 173 2614 glum
183 2557 330 2623 aequabat3
348 2564 386 2621 et,
398 2573 452 2625 quo
464 2556 575 2624 lougius
585 2553 673 2605 moles
687 2555 824 2621 agebatur
836 2568 853 2601 a
869 2550 901 2601 li·

101 2621 173 2682 tore,
193 2619 246 2674 lroc
260 2626 363 2694 magis,
384 2624 518 2692 quidquid
537 2622 724 2690 ingerebatur,
746 2619 900 2697 praealtum

102 2683 269 2742 absorbebat
281 2707 368 2745 mue:
402 2695 444 2744 2⁰.
459 2707 542 2759 quum
557 2690 652 2758 Tyrii,
670 2691 765 2759 parvis
782 2686 904 2752 navigas
