2098 3040
121 256 171 310 390
338 254 511 317 QUINTI
540 255 707 308 cURTH

119 357 277 410 senioribus
296 357 415 410 militum
434 357 463 408 ln
482 357 599 424 patriam
619 359 759 421 remissis,
788 339 927 410 tredecim

120 421 208 476 millia
221 421 345 490 peditum
363 431 391 476 et
405 423 460 476 duo
478 426 566 477 millia
583 427 716 493 equitum,
737 433 809 494 quae
819 427 850 476 in
860 427 928 478 Asia

119 493 262 554 retineret,
285 492 352 560 eligi
365 492 456 556 iussit,
476 493 649 555 existimans,
669 492 781 562 modico
798 494 927 546 exercitu

119 561 263 611 continere
274 573 357 627 posse
367 561 469 622 Asiam,
489 561 555 627 quia
564 561 689 628 pluribus
699 560 772 612 locis
782 562 926 628 praesidia

117 626 318 694 disposuisset3
339 643 481 695 nuperque
492 628 620 680 conditas
630 629 723 690 urbes,
734 643 803 696 quas
815 629 926 682 colonis

117 696 263 762 replesset,
284 709 442 748 resacrare
454 696 629 762 cupientibus
641 697 762 748 obstare.
797 693 823 748 9.
844 693 926 749 Cete-

116 775 186 826 rum,
193 765 354 832 priusquam
364 770 526 815 secerneret
535 779 605 831 quos
617 770 678 815 erat
687 762 859 828 retenturus,
868 763 926 816 edi-

116 831 168 894 xit,
178 837 210 882 ut
220 847 315 883 omues
326 831 430 883 milites
441 845 489 882 aes
501 831 623 882 alienum
631 831 840 900 profiterentur.
855 831 925 884 Gra·

116 914 150 950 ve
162 899 303 968 plerisque
315 915 377 952 esse
389 906 578 968 compererat:
591 906 620 951 et
629 901 925 968 quamquamipsorum

116 963 185 1018 luxu
195 974 367 1019 contractum
379 973 449 1031 erat,
470 967 626 1019 dissolvere
643 972 736 1018 tamen
749 968 810 1034 ipse
827 967 925 1019 decre-

116 1042 204 1086 verat
241 1037 281 1086 lo.
300 1035 355 1099 llli,
370 1035 472 1087 tentari
482 1036 560 1102 ipsos
570 1035 633 1098 rati,
648 1043 702 1102 qdo
714 1033 826 1086 facilius
838 1035 874 1086 ab
884 1036 925 1086 iu-

117 1104 206 1170 tegris
216 1110 376 1155 sumtuosoa
388 1102 743 1168 discerneretprolatando
751 1095 925 1172 aliquantum

58 1225 61 1232 ,
118 1177 298 1222 extraxerant
310 1173 454 1237 temporis.
489 1171 526 1222 Et
538 1185 590 1222 rex
603 1170 671 1222 satis
682 1185 795 1238 gnarus,
814 1169 925 1237 proies·

117 1238 192 1306 sioni
201 1238 274 1287 aeris
285 1238 429 1302 pudorem,
439 1253 496 1288 non
507 1238 710 1290 contumaciam
721 1237 925 1300 obstare,men-

116 1318 163 1355 sas
173 1303 242 1359 totis
257 1306 356 1355 eastris
368 1305 435 1370 poni
444 1306 536 1368 iussit,
543 1311 572 1357 et
583 1306 680 1362 decem
689 1303 778 1356 millia
788 1305 926 1358 talentum

113 1368 247 1440 proferri.
285 1373 325 1422 ll.
345 1373 417 1424 Tum
432 1372 541 1425 demum
556 1373 611 1424 fide
627 1373 704 1425 facta
718 1371 842 1442 professi
852 1382 926 1436 sunt,

116 1453 169 1490 nec
179 1439 297 1505 amplius
309 1455 344 1492 ex
354 1447 432 1492 tanta
441 1442 655 1512 pecunia,quam
666 1447 777 1492 centum
787 1447 817 1492 et
825 1442 925 1509 trigin-

94 1503 98 1512 '
116 1513 147 1557 ta
165 1505 281 1570 talenta,
303 1508 475 1576 superfuere.
511 1511 589 1562 Adeo
600 1509 649 1561 ille
661 1512 812 1572 exercitus,
831 1514 877 1560 tot
886 1509 926 1560 di-

117 1575 288 1627 tissimarum
307 1578 432 1644 gentium
450 1579 554 1641 victor,
571 1577 645 1644 ‘plus
664 1583 757 1629 tamen
777 1577 925 1650 victoriae,

118 1659 199 1711 quam
209 1645 343 1710 praedae,
365 1646 523 1712 deportavit
534 1661 568 1697 ex
578 1645 656 1696 Asia.
693 1646 734 1696 12.
754 1645 887 1695 Ceterum
896 1655 927 1695 ut

118 1711 261 1780 cognitum
280 1718 332 1774 est,
354 1713 425 1766 alios
443 1715 549 1765 remitti
568 1713 689 1776 domum,
709 1712 780 1764 alios
794 1713 927 1774 retineri;

117 1785 281 1846 perpetuam
295 1795 359 1831 eum
374 1783 455 1848 regni
468 1780 563 1832 sedem
577 1781 607 1832 in
616 1781 683 1834 Asia
692 1778 850 1831 habiturum
860 1782 927 1842 rati,

120 1847 254 1899 vecordes
269 1854 297 1898 et
311 1848 476 1914 disciplinae
490 1850 619 1900 militaris
639 1848 830 1910 immemores,
851 1847 947 1900 sedi..

117 1915 200 1966 tiosis
217 1915 333 1970 vocibus
348 1923 440 1968 castra
457 1917 609 1984 complent3
628 1930 781 1984 regemque
798 1913 928 1966 ferocius

118 1998 199 2052 quam
210 1983 279 2034 alias
290 1983 390 2046 adorti,
408 1999 503 2035 omnes
515 1984 598 2036 simul
607 1984 770 2036 missionem
780 1981 927 2050 postulare
1028 1989 1029 1996 ’

118 2059 280 2117 coeperunt,
300 2050 440 2102 deformia
459 2067 509 2102 ora
529 2051 717 2114 cicatricibus,
737 2050 925 2118 canitiemque

116 2119 238 2185 capitum
250 2125 433 2171 ostentantes.
470 2121 510 2172 13.
531 2119 590 2172 Nec
604 2125 652 2170 aut
662 2117 870 2186 praefectorum
882 2132 926 2170 ca-

117 2187 282 2253 stigatione,
293 2194 342 2237 aut
351 2187 520 2239 verecundia
529 2189 606 2256 regis
618 2187 761 2250 deterriti,
773 2187 926 2238 tumultuo-

117 2267 149 2302 so
161 2254 283 2306 clamore
294 2261 323 2306 et
332 2256 447 2307 militari
457 2255 593 2307 violentia
607 2256 745 2306 volentem
759 2254 840 2321 loqui
854 2253 926 2305 inhi-

115 2318 231 2386 bebant;
252 2322 344 2389 palam
362 2321 494 2390 professi,
514 2338 650 2393 nusquam
669 2321 745 2390 inde,
766 2322 822 2373 uisi
834 2323 865 2372 in
879 2336 926 2388 pa-

115 2387 207 2450 triam,
218 2392 368 2458 vestigium
380 2406 442 2442 esse
453 2398 589 2442 moturos.
619 2392 659 2441 ll.
671 2389 797 2441 Tandem
808 2389 925 2440 silentio

115 2453 201 2518 facto,
212 2458 303 2524 magis
316 2460 381 2525 quia
391 2465 496 2511 motum
509 2474 571 2511 esse
583 2458 743 2520 credebaut,
765 2471 848 2525 quam
860 2458 926 2524 quia

113 2523 170 2588 ipsi
179 2526 285 2575 moveri
289 2533 440 2644 poterant,
452 2528 582 2594 quidnam
593 2527 717 2578 dicturus
728 2529 813 2588 esset,
827 2537 926 2592 exspe-

116 2590 236 2642 ctabant.
273 2594 287 2642 l
308 2629 314 2642 .
334 2593 394 2658 llle,
417 2591 490 2658 Quid
497 2593 572 2656 fuer,
588 2595 688 2661 inquit,
702 2607 795 2672 repens
806 2599 927 2644 conster-

114 2655 200 2718 natio,
221 2667 249 2710 et
267 2668 322 2711 tam
331 2669 531 2731 procuretque
546 2659 635 2729 efficta
648 2659 758 2713 licentra
767 2659 928 2711 denuntiati
1028 2713 1029 2720 ἶ

115 2719 220 2801 Eloqui
229 2736 331 2778 memo:
346 2729 440 2796 palam
450 2738 522 2781 certe
532 2727 804 2798 mpfttit'r'mperfm
826 2735 926 2794 etpre-

112 2802 335 2856 concreatum
354 2796 399 2848 cui
411 2811 466 2848 non
481 2796 640 2864 alloquendi,
660 2811 715 2848 noa
728 2793 856 2847 noscendi
868 2808 926 2846 mo·

20 2913 114 3010 l.-
