2036 3030
235 190 564 268 'surrnumaurn
584 213 662 264 uro.
681 214 702 264 1.
722 214 799 264 cnr.
819 216 842 264 r.
934 216 949 264 a

144 317 361 438 prehensionem
371 316 433 367 lore
444 315 568 378 confido,
584 318 608 365 si
620 317 723 368 nostris
739 317 821 367 etiam
833 315 949 366 homini·

165 402 198 436 us
210 385 355 436 ostendam
366 399 427 434 eum
438 397 546 450 regem,
566 386 613 450 qni
626 400 697 434 unus
714 385 835 434 omnium
847 389 950 434 morta·

144 454 222 513 lium,
231 454 306 504 intra
315 452 508 501 brevissimum
520 451 581 500 aevi
592 451 724 516 spatium,
737 451 884 517 plurimum
895 458 950 501 ter-

145 535 237 572 rarum
251 518 408 584 occupavit:
436 518 461 568 8.
480 533 535 584 quo
547 525 687 582 appareat,
708 534 763 568 non
773 517 948 585 forteneque

109 615 114 626 ·
145 595 304 638 temerares
320 585 451 636 humanas
470 583 551 648 lerrl3
568 585 619 634 sed
633 585 792 652 plerumque
808 585 948 636 fortunam

145 669 194 721 pro
205 654 341 717 moribus3
353 667 442 719 neque
454 652 609 702 diuturnam
621 666 683 701 esse
694 651 867 714 felicitatem,
877 668 947 720 quae

144 723 246 772 virtute
262 720 437 771 destituatur.
471 717 497 768 9.
516 719 605 785 Igitur
618 719 801 770 Alexandrum
821 721 947 771 omnibus

143 789 251 856 ingenii
259 787 446 853 'fortunaeque
458 785 569 836 dotibus
578 785 801 836 abundeauctum
810 795 947 838 ornatum-

144 870 197 924 que
207 855 295 907 luisse
306 854 458 919 comperio,
470 853 568 918 quibus
579 851 794 904 fatalemtantae
805 855 947 920 potentiae

144 925 232 974 virum
245 921 394 989 oportebat
402 921 511 970 instrui.
549 919 643 970 Genus
657 919 690 970 ab
707 919 830 970 Hercule
841 928 950 988 repete-¹

144 992 212 1042 bant
220 989 405 1041 Macedonum
415 1002 509 1054 reges:
526 986 679 1054 Olympias,
691 987 840 1038 Alexandri
852 995 948 1048 mater,

144 1058 227 1108 initia
241 1070 308 1108 suae
320 1057 410 1122 gentis
422 1055 456 1104 ad
465 1053 600 1104 Achillem
611 1053 760 1108 referebat.
797 1057 836 1104 lo.
856 1054 948 1106 Puero

145 1137 236 1192 neque
247 1125 426 1173 incitamenta
437 1118 618 1188 exemplaque
628 1123 747 1189 gloriae,
765 1138 854 1189 neque
866 1123 950 1173 virtu-

141 1193 183 1248 tis
200 1191 335 1259 magister
355 1195 403 1240 aut
416 1190 582 1241 exercitatio
597 1189 721 1241 deerunt.
758 1189 867 1257 Quippe
878 1189 950 1239 Phi-

145 1261 237 1327 lippus
252 1265 331 1327 pater
346 1258 486 1308 continuis
499 1257 582 1307 bellis
601 1263 767 1308 contemtum
782 1266 846 1309 ante
857 1258 949 1308 Mace·

146 1328 248 1390 donum
262 1333 373 1394 gentem
386 1325 495 1386 extulit,
513 1330 542 1374 et
561 1331 660 1375 coacta
675 1326 704 1374 in
723 1324 848 1376 ordinem
864 1325 949 1376 Grae-

145 1397 202 1456 cia,
224 1395 330 1445 cunctis
345 1392 550 1443 formidabilem
569 1391 646 1443 iecit.
683 1395 723 1442 11.
742 1393 870 1460 Denique
893 1407 949 1442 non

144 1461 235 1513 solum
247 1476 362 1528 operum
373 1466 437 1526 post
447 1475 477 1511 se
487 1464 630 1527 gestorum
645 1458 825 1510 fundamenta
842 1461 947 1526 posuit,

142 1544 237 1580 rerum
252 1531 336 1580 etiam
347 1544 428 1594 quum
439 1527 597 1590 decederet,
609 1526 805 1578 Persieobello
814 1529 949 1590 intentus,

144 1597 270 1648 delectus
280 1595 423 1656 habuerat,
435 1601 616 1657 commeatus,
626 1596 781 1661 pecuniam,
797 1598 949 1646 exercitum

143 1671 305 1730 paraverat3
321 1669 349 1713 et
359 1662 552 1713 Parmenionis
564 1677 650 1728 opera
660 1663 714 1713 iam
730 1664 823 1712 Asiam
834 1677 949 1727 aperue-

141 1736 197 1781 rat.
233 1733 274 1780 12.
294 1729 349 1780 Sed
360 1730 388 1778 in
399 1744 433 1779 eo
444 1744 535 1778 rerum
545 1737 685 1780 momento
697 1729 848 1780 subductus
859 1735 912 1790 est,
919 1736 949 1778 ut

143 1805 174 1850 et
183 1799 303 1848 maxima
309 1796 425 1864 gerendi
434 1795 503 1844 belli
513 1796 638 1846 subsidia
652 1797 725 1857 lilio,
741 1803 770 1846 et
781 1797 891 1860 plenam
903 1810 950 1862 ge-

142 1869 180 1918 sti
191 1865 309 1933 gloriam
318 1863 504 1929 relinqueret:
526 1863 642 1928 quadam
656 1862 785 1912 fortunae
800 1863 948 1926 industria,

144 1949 225 2001 quam
245 1949 315 1983 unus
333 1929 378 1981 hic
398 1936 534 1997 perpetuo
555 1929 753 1996 obsequentem
771 1929 822 1980 sibi
843 1928 947 1980 habuit.

144 2002 184 2052 13.
205 2001 289 2052 Cuius
301 1998 486 2049 admiratione
496 2013 551 2047 non
562 2004 662 2064 postea
671 1997 767 2058 modo,
788 1997 838 2048 sed
854 2000 948 2048 statim

144 2068 178 2119 ab
192 2069 273 2119 initio
283 2067 437 2118 dubitatum
449 2071 501 2127 est,
510 2067 650 2116 rectiusne
661 2063 744 2126 foret,
756 2079 811 2114 non
821 2078 871 2131 per
880 2066 947 2115 Aea-

144 2135 221 2187 cidas
233 2141 281 2185 aut
290 2135 454 2197 Herculem,
466 2133 515 2184 sed
526 2135 561 2185 ab
572 2135 633 2199 ipso
646 2133 772 2201 protinus
782 2131 857 2194 love,
869 2138 946 2183 tanto

142 2202 250 2254 homini
270 2202 378 2252 divinae
393 2201 487 2267 stirpis
502 2202 638 2268 originem
652 2214 788 2250 asserere.
824 2201 865 2250 14.
884 2201 946 2268 lpse

114 2283 118 2292 '
144 2270 268 2338 quidem,
288 2285 369 2336 quum
380 2270 561 2320 Hammonem
571 2267 707 2335 Libycum
719 2266 820 2329 adiret,
841 2269 901 2319 eius
918 2269 947 2316 ii-

144 2339 211 2389 lium
222 2352 252 2388 se
263 2337 398 2404 appellari
408 2336 507 2393 voluit,
524 2343 554 2386 ut
569 2342 668 2402 postea
681 2334 829 2386 trademus.
868 2337 947 2386 Gete-

142 2422 203 2457 rum
214 2405 363 2456 draconem
373 2405 401 2454 in
413 2403 497 2453 cubili
507 2406 603 2454 matris
614 2403 674 2453 eius
684 2403 781 2466 risum,
793 2419 874 2471 quem
887 2403 948 2468 lup-

146 2474 217 2539 piter
236 2472 367 2533 induerit,
389 2485 478 2538 eoque
498 2471 622 2537 genitum
645 2469 732 2524 luisse
752 2472 947 2530 Alexandrum,

145 2540 222 2591 multi
244 2539 433 2591 crediderunt:
452 2539 598 2589 insomniis
618 2538 714 2601 etiam,
737 2545 885 2605 ratumque
905 2551 947 2586 re-

146 2609 254 2724 sponsis
265 2608 346 2659 iidem
357 2605 468 2673 generis
478 2604 592 2656 factam:
605 2612 633 2656 et
642 2604 874 2673 quumPhilippus
883 2604 948 2654 Del·

145 2690 160 2741 p
183 2678 214 2726 os
224 2676 396 2726 sciscitatum
406 2673 538 2733 misisset,
549 2674 662 2726 oraculo
673 2675 817 2735 monitum,
828 2671 947 2722 utHam-

144 2757 252 2794 monem
262 2742 386 2810 inprimis
395 2745 582 2794 revereretur·
607 2742 648 2794 15.
661 2740 839 2858 Nefzdmnt'
849 2741 897 2806 qui
908 2737 945 2786 ia-
