2082 3042
117 229 167 282 806
336 226 507 288 QUINTI
539 223 704 278 CUR'l'Il

117 329 297 398 sequebatu13
318 343 400 398 quem
410 335 650 396 praetergressum
659 326 770 386 silvam,
791 325 877 393 quiin
888 341 926 380 ea
1033 307 1034 356 Ψ

116 395 312 460 consederant,
333 397 531 462 exinproviso
543 394 644 457 adorti,
664 409 725 444 cum
743 392 871 444 omnibus
881 394 925 445 in·

115 469 295 517 teremerunt.
332 462 357 515 d.
376 463 513 515 Celeriter
526 462 561 513 ad
577 461 720 512 craterum
736 458 818 511 huius
833 461 928 514 cladis

115 531 192 584 lama
201 531 309 600 perlata
320 537 376 596 est3
415 533 515 582 uicum
526 530 600 584 omni
613 529 739 596 equitatu
749 545 781 578 su
802 531 922 580 ervenit.

115 601 152 651 Et
163 599 342 666 Massagetae
353 547 465 666 quidem
474 599 530 648 iarn
541 595 716 664 refugerant3
735 543 833 646 Dahae
842 597 927 648 mille

117 669 244 786 oppressi
263 672 338 718 sunt:
360 681 476 734 quorum
496 665 576 716 clade
596 663 827 730 totiusregionis
843 664 926 716 linita

116 736 150 786 de
165 736 239 786 ectio
251 741 302 786 est.
337 735 362 784 7.
380 733 538 786 Alexander
552 747 676 800 qnoque,
697 730 850 797 Sogdianis
863 746 928 784 rur·
1033 773 1034 776 ,

116 819 163 854 sus
174 802 307 863 subactis,
321 800 493 852 Maracanda
501 800 614 867 repetit.
649 798 692 850 lbi
701 797 818 860 Ilerdes,
840 814 926 865 quern
1033 789 1034 848 ἶ

115 871 151 922 ad
162 868 282 936 Scythas
292 883 376 935 super
384 867 562 937 Bosphorum
571 867 696 918 colentes
713 865 840 928 miserat,
861 881 925 920 cuns
1033 899 1034 922 2

114 937 219 1005 legatia
239 937 332 1005 gentis
352 939 484 988 occurrit.
519 935 544 985 8.
563 931 788 1000 Phrataphernes
799 947 925 1002 quoque,

115 1005 164 1074 qui
175 1003 346 1058 Chorasmiis
356 1010 499 1070 praeerat,
510 1002 680 1070 Massagetis
690 1007 719 1052 et
728 998 817 1052 Dahis
828 1003 924 1069 regio-

113 1087 180 1124 num
191 1073 311 1123 coniinio
323 1071 479 1134 adiunctus,
490 1071 614 1133 miserat,
631 1070 677 1137 qui
687 1067 825 1119 iacturum
835 1070 922 1136 impe·

113 1145 177 1190 rata
186 1139 397 1206 pollicerentur.
427 1139 452 1191 9.
464 1137 586 1206 Scythae
596 1138 737 1204 petebant,
748 1141 781 1186 ut
788 1137 867 1204 regis
878 1137 922 1188 sui

114 1205 202 1258 illlam
221 1206 399 1256 matrimonio
420 1206 475 1257 sibi
494 1207 632 1273 iungeret.
670 1204 701 1256 si
719 1203 926 1272 dedignaretur

16 1289 17 1293 ¹
113 1271 445 1339 affluitatem‚p1incipes
465 1272 651 1324 Macedonum
671 1287 733 1323 cum
751 1270 922 1338 primoribus

114 1351 182 1391 suae
194 1338 286 1404 gentis
297 1339 436 1391 connubio
448 1341 525 1391 coire
536 1345 687 1406 pateretur.
706 1339 799 1405 Ipsum
828 1353 927 1406 uoque

113 1412 366 1473 regemventurum
377 1407 412 1460 ad
423 1422 486 1458 eum
495 1407 709 1474 pollicebantur.
745 1407 785 1457 lo.
822 1412 923 1472 traque

113 1472 258 1540 legatione
268 1473 390 1543 benigne
400 1476 507 1536 audita,
518 1473 797 1542 Hephaestionem‘et
806 1475 924 1525 Artaba·

113 1554 178 1594 zum
189 1542 347 1607 opperiens,
368 1545 470 1595 stativa
479 1542 587 1594 habuit:
612 1541 871 1609 quibusadiunctia,
892 1544 926 1593 in
1033 1613 1034 1620 ἵ

113 1609 269 1676 regionem,
291 1625 361 1676 quae
382 1611 539 1679 appellatur
557 1609 686 1672 Bazaira,
705 1611 841 1676 pervenit.
880 1611 922 1662 ll.

112 1675 257 1728 Barbarae
272 1679 432 1744 opulentiae
448 1677 544 1730 inillis
555 1677 627 1729 locis
637 1675 710 1728 hand
722 1676 780 1727 ulla
790 1682 921 1728 suntme·

112 1745 176 1795 iora
185 1744 299 1808 indicia,
306 1761 386 1812 quam
397 1747 505 1814 magnis
516 1745 675 1796 nemoribus
687 1743 859 1812 saltibusque
871 1757 921 1795 no-

112 1810 213 1863 bilium
223 1811 345 1864 ferarum
357 1829 458 1881 greges
469 1813 566 1864 clausi.
603 1814 643 1863 12.
663 1811 809 1878 Spatiosas
819 1809 924 1864 adhoc

114 1878 223 1946 eligunt
236 1880 335 1942 silvas,
358 1882 463 1933 crebris
477 1879 639 1947 perennium
650 1893 782 1947 aquarum
793 1878 926 1931 lontibus

113 1960 255 1998 amoenas.
290 1946 380 1998 Muris
399 1962 515 1999 nemora
533 1949 689 2014 cinguntur,
710 1953 858 2013 turresque
871 1943 924 1998 ha·

112 2013 180 2063 bont
189 2013 348 2064 ‘venantium
358 2014 545 2081 receptacula.
582 2015 622 2066 13.
641 2013 768 2075 Quatuor
778 2013 922 2066 continuis

113 2079 252 2130 aetatibus
265 2080 399 2132 intactum
413 2081 515 2132 saltum
532 2081 620 2134 fuisse
636 2081 791 2133 constabat.
829 2081 922 2144 Quem

113 2145 273 2200 Alexander
286 2161 347 2198 cunr
360 2154 423 2200 toto
435 2149 561 2201 exercitu
571 2150 715 2218 ingressus
727 2150 830 2217 agitari
839 2150 921 2202 undi-

113 2227 167 2292 que
177 2213 253 2266 ieras
263 2214 354 2265 iussit.
391 2216 431 2266 14.
451 2216 527 2268 lnter
541 2232 682 2285 quaecum
693 2217 739 2268 leo
750 2217 922 2285 magnitudi-

113 2293 156 2330 n1s
174 2294 256 2332 rarae
276 2281 367 2348 ipsum
387 2297 482 2351 regern
495 2284 642 2337 invasurus
655 2284 824 2348 incurreret3
843 2281 926 2336 forte
1033 2257 1034 2320 l

112 2342 308 2412 Lysimachus,
323 2349 520 2419 quiposteare
542 2353 626 2415 navit,
646 2351 925 2418 proximushlexan·
1033 2355 1034 2420 ,

112 2413 173 2476 dre,
192 2417 359 2469 venabulum
379 2418 503 2471 obiicere
516 2367 595 2470 ferae
610 2426 751 2486 coeperat.
788 2418 853 2482 Quo
868 2433 923 2472 rex
1033 2421 1034 2438 ¹

111 2482 236 2550 repulso,
256 2489 286 2536 et
305 2484 383 2538 abire
402 2487 490 2549 iusso,
510 2486 625 2550 adierit,
645 2493 702 2538 tarn
721 2492 922 2551 asemetuno,

112 2549 925 2675 llllh'shhlahh‘mtaliatanil·¹⁴5·

111 2632 384 2744 ffenc'fferataximiaqe
393 2660 790 2759 magnitudrnisieramsolusr
803 2703 834 2743 se
863 2659 931 2740 lae,-
1033 2697 1034 2718 ³

112 2766 147 2803 vo
157 2752 274 2810 humero
286 2775 373 2829 usque
383 2760 419 2811 ad
430 2771 496 2810 oasa
505 2756 646 2812 laceratus
656 2757 691 2810 ad
704 2759 832 2811 ultimum
846 2756 924 2825 peri·-
