2054 3030
287 97 679 188 cranemerae.
842 137 890 186 ns
970 173 972 176 .

69 228 245 287 circumdari
259 231 350 284 iussit.
395 233 521 304 Ortoque
536 235 607 298 sole,
621 237 781 306 priusquam
795 237 889 290 admo-

69 305 157 350 veret
167 299 332 362 exercitum,
348 315 428 369 opem
439 303 529 354 Deum
541 318 706 370 exposcens,
723 321 831 358 sacrum
843 323 889 374 pa-

69 365 131 414 trio
143 379 223 416 more
234 363 364 420 faciebat.
402 372 442 421 ll.
458 371 545 422 Forte
555 374 766 439 praetervolans
776 390 887 437 corvus,

5 471 7 498 ἰ
70 431 199 498 glebam,
211 449 291 502 quam
303 436 441 504 unguibus
455 437 578 501 ferebat,
591 439 685 490 subito
697 443 800 492 amisit:
815 458 886 510 quae
901 443 903 448 ⁴

5 503 7 562 ξ
70 515 159 565 quum
174 503 248 568 regis
263 504 348 570 capiti
364 505 520 570 incidisset,
539 507 668 558 resoluta
680 506 810 573 defluxit3
826 513 888 577 ipsa

5 563 7 588 ³
69 574 169 618 autem
191 568 250 619 avis
271 570 300 620 in
319 574 447 638 proxima
464 581 542 625 turre
557 575 697 626 consedit.
733 576 809 626 Illita
827 589 888 628 erat

68 635 160 684 turris
172 634 305 689 bitumine
316 655 350 691 ac
360 641 506 706 sulphure:
528 644 557 692 in
568 658 623 710 qua
634 643 687 693 alis
698 641 886 704 haerentibus,

5 705 6 710 ’
67 701 180 752 frustra
194 719 224 756 se
238 706 362 758 allevare
376 715 504 771 conatus,
523 725 541 760 a
554 710 800 761 circumstantibus
814 715 887 778 capi-

66 775 126 819 tur.
165 773 205 821 12.
218 771 313 840 Digna
324 789 369 826 res
380 775 450 839 visa,
462 777 497 828 de
508 792 563 843 qua
573 784 650 828 vates
662 778 886 830 consulerentum

5 853 7 888 ῑ
68 843 99 888 ct
114 845 176 889 erat
190 855 246 890 non
261 841 383 893 intactus
401 857 436 894 oa
448 846 649 910 superstitione
664 848 774 897 mentis.
811 846 886 913 Ergo

65 905 248 968 Aristander,
266 909 311 959 cui
328 911 451 962 maxima
465 912 535 962 lides
550 910 717 976 habebatur,
738 914 815 964 urbis
827 917 886 980 qui-

67 972 135 1024 dem
146 975 286 1026 excidium
298 980 417 1044 augurio
427 979 477 1030 illo
489 982 629 1048 portendi,
645 989 768 1033 ceterum
779 983 887 1049 pericu·

66 1039 127 1091 lum
139 1055 204 1091 esse
215 1043 315 1108 inquit,
328 1059 361 1094 ne
373 1061 422 1096 rex
433 1047 532 1100 vulnus
543 1051 691 1117 acciperet.
720 1051 816 1119 ltaque
828 1065 886 1100 mo-

66 1109 142 1170 nuit,
161 1123 196 1158 ne
211 1109 279 1175 quid
294 1125 328 1160 eo
345 1113 390 1164 (lie
405 1115 550 1181 inciperet.
587 1119 627 1168 13.
646 1119 707 1180 llle,
720 1133 886 1186 quamquam

66 1191 152 1226 unam
171 1175 268 1226 urbem
282 1179 346 1242 sibi,
367 1197 422 1248 quo
437 1186 526 1235 nrinus
540 1200 656 1237 securus
670 1189 828 1254 Aegyptum
843 1189 885 1238 in·

66 1249 169 1305 traret,
191 1244 304 1296 obstare
317 1249 534 1316 aegreferebat,
554 1259 647 1305 tamen
657 1255 751 1321 paruit
761 1257 827 1317 vati,
847 1256 884 1306 si-

67 1323 210 1377 gnumque
221 1319 347 1381 receptui
360 1317 445 1372 dedit.
480 1320 555 1372 Hinc
569 1323 676 1375 animus
688 1323 777 1375 crevit
786 1323 882 1374 obses-

67 1379 122 1428 sis:
142 1381 307 1448 egressique
326 1393 417 1450 porta,
440 1390 637 1442 recedentibus
653 1391 776 1443 inserunt
788 1392 882 1459 signa3

68 1447 276 1499 cunctationem
298 1449 419 1504 bostium
439 1472 517 1506 suam
537 1455 601 1509 fore
622 1460 799 1511 occasionem
818 1461 880 1511 rati.

69 1514 110 1563 14.
132 1513 189 1566 Sed
203 1517 295 1575 acrias
313 1534 393 1585 quarn
409 1525 585 1576 constantius
599 1527 880 1592 proeliuminierunt:

69 1581 173 1648 quippe
184 1583 405 1638 utalaoedonun
416 1591 499 1657 signa
508 1592 661 1661 circumagi
672 1595 776 1655 videre,
784 1610 881 1662 repen-

68 1655 97 1698 te
112 1649 216 1701 sistunt
230 1653 356 1718 gradum.
392 1655 505 1724 lamque
521 1659 557 1710 ad
575 1675 669 1728 regem
685 1662 883 1729 proeliantium

68 1716 177 1768 clamor
190 1728 368 1786 pervenerat3
389 1738 481 1790 quum,
504 1726 659 1778 denuntiati
674 1729 791 1793 periculi
809 1729 883 1778 baud

69 1799 137 1834 sane
157 1785 274 1850 memor,
295 1787 413 1842 loricam
432 1798 534 1854 tamen,
555 1809 637 1859 quam
656 1809 719 1844 raro
739 1794 882 1854 induebat,

67 1852 168 1903 amicis
179 1855 338 1918 orantibus,
358 1860 490 1926 sumpsit,
511 1863 585 1912 etad
596 1864 685 1928 prima
695 1862 777 1930 signa
786 1877 883 1929 perve-

68 1918 119 1970 nit.
157 1921 197 1972 15.
218 1922 280 1984 Quo
297 1940 365 1976 cons
387 1934 460 1992 ecto,
473 1929 561 1980 Arabs
577 1930 688 1997 quidam
699 1929 779 1982 Darii
790 1931 881 1992 miles,

68 1988 161 2039 maius
172 1987 285 2042 lortuna
295 2009 345 2044 sua
369 1995 465 2047 acinus
476 2011 574 2059 ausus,
589 1999 711 2066 gladium
730 1998 832 2066 clypeo
842 2005 883 2050 te-

69 2070 149 2122 gens,
161 2061 240 2124 quasi
250 2060 397 2130 transfuga
407 2065 524 2131 genibus
536 2069 613 2134 regis
623 2066 790 2118 advolvitur.
831 2066 882 2116 llle

69 2137 221 2192 assurgere
230 2129 393 2194 supplicem,
405 2134 547 2201 recipique
558 2135 632 2194 inter
642 2149 709 2186 suos
719 2135 811 2185 iussit.
841 2134 881 2186 lo.

69 2191 106 2242 ult
114 2191 362 2263 barbarus,gladio
374 2206 487 2252 strenue
497 2203 524 2252 in
537 2203 816 2264 dextramtranslato,
824 2215 883 2255 cer-

5 2295 7 2330 :
69 2258 159 2310 ricem
170 2263 278 2329 appetit
288 2266 375 2333 regist
398 2269 446 2334 qui
464 2271 567 2336 exigua
578 2272 705 2338 corporis
718 2271 882 2324 declinatio-

5 2365 6 2374 ,
68 2340 105 2376 ne
117 2329 222 2380 evitato
234 2331 300 2394 ictu,
317 2334 345 2384 in
356 2349 455 2386 vanum
466 2352 577 2387 manum
587 2339 701 2390 barbari
710 2339 816 2406 lapsam
826 2355 882 2392 am·

67 2401 151 2460 putat
160 2397 269 2463 gladi03
289 2401 454 2454 denuntiato
469 2406 498 2455 in
512 2404 589 2456 illum
606 2407 679 2458 diem
692 2409 827 2474 periculo,
849 2415 881 2462 ut

68 2461 258 2518 arbitrabatur
278 2468 349 2534 ipse,
370 2469 527 2523 defunctus.
568 2476 608 2526 lt.
638 2475 703 2538 Sed,
722 2483 754 2530 ut
772 2479 880 2546 opinor,

67 2529 232 2584 inevitabile
247 2543 291 2587 est
303 2535 400 2589 latum.
436 2539 545 2606 Quippe
565 2543 630 2594 dum
647 2544 721 2596 inter
743 2547 880 2613 primores

5 2651 6 2670 χ
67 2601 207 2664 promtius
216 2603 449 2673 dimicat‚sagitta
457 2609 531 2660 ictus
542 2617 599 2662 est:
611 2627 692 2679 quam
703 2629 753 2681 per
763 2613 879 2666 loricam

5 2713 7 2726 ,
66 2663 208 2730 metam,
220 2677 340 2722 stantem
349 2676 378 2724 in
390 2672 514 2740 bucnero,
526 2679 650 2732 medicus
662 2683 722 2734 eius
734 2682 880 2749 Philippus
