2054 3030
112 220 162 272 130
335 209 702 273 carnulentiam

115 313 240 370 Memphim
251 313 319 368 petit,
334 316 358 354 et
370 325 408 354 res
422 310 523 366 Aegypti
538 311 636 352 ordinat.
666 313 687 353 9.
702 308 787 350 Darius
798 309 828 350 ad
840 308 937 352 Arbela

114 388 232 445 pervenit,
254 398 325 438 eoque
339 385 411 427 inuito
426 383 561 426 Alexander
576 383 665 436 Tigrim
680 384 782 438 superat.
812 386 847 424 10.
863 382 933 424 Mili-

113 463 156 508 tes,
168 461 194 500 ob
204 458 272 502 lunae
284 459 398 500 defectum
408 457 525 507 turbatos,
538 469 582 511 per
591 455 719 511 Aegyptios
727 459 793 497 rates
804 456 933 498 coniirmat

113 531 257 574 Alexander·
289 530 375 574 Persas
385 533 514 572 vastatores
529 529 623 571 coniicit
636 529 660 570 in
671 528 756 580 surgam.
786 517 854 570 Darii
864 541 932 570 uxor

114 605 213 660 captiva,
228 617 330 648 moerore
341 603 453 652 coniecta,
473 615 603 658 supremum
617 601 677 642 diem
688 598 781 649 claudit,
796 599 857 644 unde
868 599 931 642 Ale·

113 678 198 720 xandri
211 676 328 720 lacrimae.
359 677 426 718 Darii
441 677 591 731 suspiciones,
605 672 680 715 luctus
694 677 718 715 et
733 676 795 714 vota.
826 677 861 715 11.
878 673 930 714 Pa-

113 765 162 793 cem
181 752 250 794 tertie
265 751 390 804 quaesitam
406 749 492 792 Darius
506 762 551 792 non
566 749 686 802 impetrat5
701 747 767 788 imme
782 745 813 786 ad
824 743 930 787 deditio-

113 837 171 874 nem,
187 827 226 866 eut
240 823 269 864 ad
283 821 369 865 bellurn
385 823 413 863 ab
430 821 565 865 Alexandro
579 824 723 876 provocatur.
754 821 788 860 12.
808 816 846 858 Ad
856 831 932 872 proe—

112 895 169 940 lium
180 897 231 940 dum
242 896 364 938 Persarum
375 907 399 936 se
410 896 527 938 exercitus
538 899 612 950 parat,
623 893 760 935 Macedones
769 889 858 932 Panion
868 901 930 942 qusn-

115 971 166 1012 dam
177 969 280 1012 defuncti
291 971 378 1009 terrore
388 979 451 1009 arma
460 967 569 1010 alacriter
579 969 709 1021 capessunt.
735 968 768 1007 12.
780 961 886 1005 Consilia
899 964 930 1005 de

113 1046 223 1086 nocturno
234 1037 322 1095 proelio
333 1038 493 1082 Parmenionis
503 1043 527 1082 et
541 1037 717 1094 Polypercontis
732 1036 870 1082 Alexander
885 1037 928 1078 da-

114 1117 189 1160 mnats
200 1107 322 1168 somnoque
332 1110 442 1162 reiectus,
449 1112 683 1155 interritovuitusuos
693 1113 722 1154 ad
732 1122 832 1166 pugnam
842 1123 927 1152 accen-

115 1189 157 1230 dit.
187 1187 220 1228 14.
245 1182 376 1226 Alexandri
396 1183 426 1225 ad
445 1183 598 1234 Graecorum,
625 1185 736 1239 Dariique
755 1184 785 1226 ad
799 1183 926 1226 Persarum

62 1242 64 1246 ’
115 1258 232 1301 exercitus
242 1258 296 1298 ante
305 1267 404 1309 pugnam
414 1257 537 1300 orationes.
563 1261 598 1301 1⁵.
613 1257 708 1300 cruenti
718 1258 749 1299 ad
758 1255 846 1300 Arbela
856 1269 926 1312 proe-

114 1329 141 1372 lii
152 1329 285 1382 descriptio.
315 1325 397 1370 Victor
411 1326 546 1373 Alexander
562 1331 656 1374 Darium
671 1333 756 1374 victum
770 1331 926 1386 persequitur.

115 1405 150 1445 16.
170 1400 292 1443 Parmenio
303 1401 327 1442 in
338 1399 468 1445 discrimine
479 1405 629 1454 constitutus,
649 1403 807 1447 Alexandrum
817 1404 926 1448 retrahit.

115 1473 221 1518 Tandem
235 1473 326 1527 integra
344 1474 441 1518 victoria
460 1478 530 1532 potiti
545 1477 694 1528 Macedones,
709 1477 810 1534 reliquos
829 1477 929 1529 Persas,

114 1545 195 1592 inultis
206 1560 295 1589 suorum
305 1545 406 1589 millibus
418 1547 565 1600 desideratis,
582 1551 637 1603 fuga
653 1551 696 1592 sibi
707 1564 816 1606 quaerere
828 1550 926 1594 salutem

116 1625 205 1674 cocunt.

168 1695 331 1795 illarius,
351 1733 518 1784 tantimodo
534 1735 675 1784 exercitus
690 1749 752 1797 rex,
767 1734 813 1801 qui
827 1735 928 1783 trium-

114 1797 227 1866 phantis
237 1801 336 1868 magis,
347 1815 428 1868 quam
443 1801 601 1853 dimicantis
610 1816 696 1863 more,
709 1801 928 1852 currusubiimis

114 1869 218 1920 inierat
240 1869 391 1936 proeliam3
414 1884 464 1934 per
488 1869 561 1932 loca,
582 1885 652 1936 quae
674 1884 760 1936 prope
780 1870 928 1919 immensis

116 1937 272 2002 agminibus
286 1937 460 2001 impleverat,
478 1937 534 1986 iam
551 1937 646 1988 inania
660 1946 689 1988 et
702 1937 810 2004 ingenti
826 1936 929 1988 solitu·

116 2003 180 2054 dine
191 2009 277 2065 vasta,
288 2002 424 2070 fugiebat.
461 2007 485 2053 2.
507 2002 593 2054 Pauci
609 2020 706 2072 regem
722 2004 928 2072 sequebantur:

115 2086 178 2122 nam
191 2087 244 2122 nec
259 2070 358 2122 eodem
374 2085 470 2121 omnes
489 2069 583 2138 fugam
600 2074 790 2134 intenderant3
808 2078 838 2122 et
859 2071 928 2122 deii-

116 2139 253 2190 cientibns
265 2138 469 2204 equis‚cursum
481 2153 664 2207 eorumquae
677 2156 727 2192 rex
739 2139 857 2191 subinde
868 2154 931 2189 mu·

114 2206 201 2269 tabat,
224 2219 345 2274 aequare
365 2221 420 2254 non
435 2211 573 2270 poterant.
609 2208 633 2258 3.
661 2207 771 2259 Onchas
794 2203 930 2274 [deinde]
1020 2217 1021 2230 ³

115 2274 254 2338 pervenit,
272 2274 318 2324 ubi
332 2287 468 2338 excepere
480 2288 542 2323 eum
554 2274 725 2326 Graecorum
736 2282 856 2342 quatuor
866 2274 931 2324 mil-

117 2339 165 2400 lia,
182 2341 357 2407 cuniquibus
372 2339 407 2390 ad
417 2339 587 2407 Euphratem
599 2343 755 2406 contendit,
774 2343 804 2393 id
815 2342 931 2392 demum

118 2405 234 2456 credens
254 2407 316 2458 iore
333 2408 431 2475 ipsius,
452 2409 526 2476 quod
541 2411 686 2461 celeritate
701 2410 862 2477 praeripere
879 2424 931 2477 po-

116 2473 226 2523 tuisset.
262 2475 287 2524 4.
305 2477 340 2525 At
358 2476 516 2527 Alexander
535 2477 763 2541 Parmenionem,
780 2493 831 2544 per
845 2492 933 2544 quens

118 2540 191 2606 apud
211 2540 377 2593 Damascum
396 2551 510 2609 recepta
523 2551 584 2595 erat
603 2546 717 2612 praeda,
737 2548 845 2598 iussum
866 2559 935 2596 earn

117 2607 207 2674 ipsam
227 2615 256 2659 et
271 2611 396 2674 captivos
412 2611 541 2679 diligenti
560 2627 704 2664 asservare
718 2613 859 2675 custodia,
877 2612 937 2680 Sy·

117 2675 186 2739 riae,
203 2690 282 2742 quam
297 2675 402 2728 Coelen
415 2685 525 2739 vocant,
538 2679 684 2743 praefecit.
719 2681 744 2732 5.
760 2680 868 2732 Novum
880 2680 936 2730 isn-

119 2744 227 2809 perium
243 2742 320 2810 Syri,
351 2744 472 2794 nondum
490 2744 558 2796 belli
580 2746 707 2800 cladibus
727 2749 797 2799 satis
817 2746 937 2810 domiti,
