2054 3030
128 191 177 244 13⁰
332 186 521 247 -QUlNTl
547 187 714 240 CURTll

128 291 205 344 Unus
221 303 339 354 namque
355 304 370 340 e
386 289 503 355 captivis
520 288 699 354 spadonibus,
719 290 766 354 qui
781 287 857 342 forte
872 297 945 344 ante

45 381 50 390 ·
127 359 250 426 ipsarum
261 357 470 408 tabernaculum
481 364 607 417 steterat,
618 357 779 419 auriculum,
797 357 874 424 quod
884 353 942 410 Dass

128 427 198 489 rius,
211 425 389 490 sioutpaullo
401 423 579 475 antedictum
593 434 650 485 est,
667 439 701 474 ne
719 423 794 475 cultu
805 427 943 491 prodere-

129 500 184 554 tur,
196 492 346 555 abiecerat,
358 491 522 543 inmanibus
534 492 603 552 eius,
614 491 659 559 qui
672 491 945 558 repertumierebat,
1013 505 1014 508 ’

129 561 258 628 agnovit:
274 567 417 627 ratusque„
426 559 576 610 interiecto
588 561 742 611 detraotum
752 575 825 621 esse,
837 560 944 612 falsum

129 629 255 682 nuntium
272 630 372 696 mortis
392 629 453 677 eius
473 628 613 678 attulerat.
655 626 679 678 d.
707 628 771 678 lloe
790 629 944 682 mulierum

129 711 225 748 errore
238 703 390 762 comperto,
406 694 567 747 Alexander
577 694 706 746 fortunae
717 695 795 745 Darii
808 702 837 746 et
851 697 946 762 pieta>

128 766 151 815 ti
162 780 256 816 earum
270 766 454 816 illae-rimasse
468 763 566 815 fertur.
601 766 639 815 lle
655 765 745 830 primo
760 761 943 828 Mithrenem,

128 835 175 900 qui
187 833 299 884 Sardois
310 831 474 893 tradiderat,
489 833 608 898 peritum
620 831 751 882 Persicae
762 831 886 898 linguae,
896 833 942 884 ire

129 901 164 951 ad
175 901 362 952 consolandas
378 915 426 950 eas
440 900 571 951 iusserat.
605 900 631 948 ’1.
653 897 766 950 Veritus
777 900 889 962 deinde,
904 915 942 952 ne

126 969 257 1036 proditor
270 970 442 1033 captivarum
457 967 526 1018 iram
536 967 719 1035 doloremque
734 975 874 1034 gramret,
886 967 941 1019 Le-

127 1043 258 1088 onnatum
274 1050 308 1086 ex
323 1035 481 1100 purpuratis
500 1037 558 1086 suis
572 1037 661 1096 misit,
682 1036 787 1086 iussum
801 1036 941 1100 iudieare,

127 1104 200 1155 falso
214 1103 359 1153 lamentari
371 1117 418 1150 eas
429 1101 543 1152 Darium
558 1103 660 1155 vivunt.
694 1103 746 1154 llle
763 1118 824 1152 eum
839 1104 941 1171 paucis

127 1171 274 1236 armigeris
294 1170 323 1219 in
342 1169 562 1232 tabernaculum,
583 1171 612 1221 in
632 1186 686 1238 quo
705 1170 832 1236 captivae
848 1179 941 1235 erant,

125 1237 262 1305 pervenit,
278 1238 446 1302 missumque
462 1252 492 1286 se
503 1253 519 1287 a
530 1253 598 1304 rege
609 1239 731 1288 nuntiari
742 1238 828 1288 iubet.
865 1239 892 1290 8.
902 1241 943 1292 At

126 1305 156 1367 ii,
169 1305 254 1370 quiin
266 1303 404 1355 vestibulo
416 1311 503 1366 erant,
515 1311 545 1356 ut
556 1311 677 1356 armatos
688 1319 873 1372 conspexere,
885 1309 942 1358 rati

127 1380 219 1422 aetum
229 1385 292 1421 esse
304 1373 338 1422 de
349 1370 481 1433 dominis,
495 1373 523 1422 in
534 1373 745 1425 tabernaculum
756 1379 880 1436 currunt,
892 1390 941 1426 vo-

128 1439 295 1502 alterantes,
310 1439 410 1490 adesse
425 1455 582 1506 supremam
593 1439 702 1504 boram,
723 1442 882 1508 missosque
892 1445 942 1509 qui

128 1507 290 1558 oeoiderent
304 1512 410 1573 captas.
445 1507 470 1558 t.
489 1509 600 1575 ltaque,
618 1515 649 1559 ut
663 1523 733 1576 quae
745 1524 796 1559 neo
806 1507 941 1575 prohibe-

125 1590 156 1628 re
167 1581 290 1642 possent,
306 1590 358 1626 nee
372 1575 521 1626 admittere
536 1577 685 1638 auderent;
706 1577 783 1627 nullo
797 1591 940 1643 responso

125 1644 202 1706 dato,
211 1643 313 1694 tacitae
325 1644 657 1710 opperiebanturvietoris
669 1644 822 1695 arbitrium.
836 1645 941 1698 lohe-

126 1718 245 1764 onnatus
256 1719 420 1778 exspectato
431 1712 479 1764 diu
493 1713 540 1780 qui
555 1727 585 1763 se
601 1712 805 1774 introduceret,
825 1721 942 1778 postea-

125 1795 207 1850 quam
218 1795 299 1830 nemo
314 1780 468 1846 procedere
484 1779 613 1842 audebat,
634 1780 740 1830 relictis
754 1781 782 1830 in
795 1781 942 1833 vestibulo

125 1849 305 1910 satellitibus,
316 1850 403 1900 intrat
412 1850 440 1899 in
450 1848 669 1900 tabernaculum.
702 1847 742 1898 Ea
752 1849 814 1914 ipsa
822 1863 871 1898 res
881 1857 943 1901 tur-

123 1918 241 1968 baverat
250 1915 377 1977 feminas,
391 1916 465 1982 quod
476 1918 627 1982 irrupisse,
645 1930 700 1966 non
711 1915 849 1967 adurissus
860 1917 942 1969 vide-

123 1985 215 2036 batur.
252 1984 293 2034 11.
311 1983 408 2050 ltaque
423 1992 512 2034 mater
528 1989 557 2034 et
576 1983 696 2034 ooniuux
715 1983 885 2050 provolutae
904 1987 943 2038 ad

123 2052 221 2118 pedes,
232 2064 314 2101 orare
328 2057 494 2115 coeperunt,
512 2057 554 2112 ut,
571 2050 731 2118 priusquam
745 2051 942 2104 interficeren-

123 2126 178 2182 tur,
190 2118 270 2169 Darii
280 2133 381 2185 eorpus
391 2118 461 2184 ipsis
472 2119 563 2186 patrio
574 2132 652 2168 more
662 2119 782 2186 sepelire
793 2120 942 2184 permitte-

122 2193 179 2238 ret:
195 2187 306 2239 iunctas
317 2201 446 2251 supremo
456 2187 485 2237 in
495 2200 592 2254 regern
604 2187 696 2237 officio
706 2201 737 2237 se
746 2187 867 2254 impigre
879 2204 942 2238 nro-

122 2257 236 2306 rituras.
274 2256 314 2306 12.
333 2253 510 2317 Leonnatus,
535 2261 563 2306 et
573 2254 667 2306 virere
679 2253 803 2316 Darium,
819 2261 850 2304 et
859 2255 942 2320 ipsas

122 2336 180 2370 non
191 2322 346 2373 incolumes
366 2324 460 2386 modo,
481 2323 630 2374 sedetiam
651 2331 785 2389 apparatu
799 2323 940 2387 pristinae

122 2385 254 2439 fortunae
264 2390 377 2458 reginas
387 2389 459 2442 iore.
496 2392 567 2442 Tum
585 2390 694 2441 demum
705 2399 794 2440 mater
804 2388 887 2440 Darii
899 2392 941 2442 el·

121 2454 210 2506 levari
222 2469 252 2506 se
264 2471 347 2522 passa
356 2463 408 2509 est
446 2458 486 2510 13.
500 2457 658 2509 Alexander
673 2464 788 2525 postero
800 2456 857 2520 die,
872 2473 940 2510 eum

39 2542 41 2546 ¹
122 2537 191 2574 eura
207 2525 324 2589 sepultis
338 2524 484 2589 militibus,
504 2540 621 2593 querrum
642 2540 763 2591 corpora
778 2525 941 2591 invenerat,

121 2589 272 2642 Persarum
284 2606 394 2658 quoque
409 2593 594 2644 nobilissimis
609 2593 726 2644 eundern
738 2591 875 2644 honorem
887 2591 939 2645 ha·

120 2655 183 2710 beri
197 2657 283 2721 iubet,
303 2660 441 2726 matrique
450 2660 531 2711 Darii
541 2661 674 2726 permitti,
691 2677 762 2728 quos
774 2660 870 2722 vellet,
886 2675 942 2728 pa·

120 2724 178 2778 trio
197 2740 275 2778 more
294 2726 436 2792 sepeliret
472 2728 514 2778 ll.
533 2727 585 2779 llla
604 2744 709 2796 paucos
729 2735 808 2781 arete
820 2729 927 2796 propin
