2082 3042
96 171 146 222 822
314 167 485 230 QUINTI
519 167 708 219 GUR'rll

94 271 167 338 Agin
180 278 209 320 et
227 270 360 322 Cleonem
372 271 459 332 misit,
481 276 510 321 ut
530 283 658 320 sermone
673 269 752 320 finito
769 269 905 322 barbaros

95 343 200 390 tantum
207 373 215 399 ,
226 351 309 404 quum
320 338 466 399 intrasset,
479 337 663 403 procumbere
674 352 725 387 suo
738 352 816 389 ruore
826 345 905 404 pate-

93 409 204 456 renturz
226 410 255 454 et
264 404 359 471 paullo
369 409 446 470 post,
465 404 545 470 quasi
561 405 674 469 potiora
684 403 819 470 quaedam
831 407 905 472 'egis-

93 477 145 533 set‚
157 469 314 521 convivium
326 473 437 538 repetit.
472 473 514 520 22.
524 470 616 530 'Quem
626 471 824 522 venerantibus
834 471 902 522 Per·

93 538 141 601 sis,
152 537 343 604 Polypercon,
360 540 407 605 qui
418 537 538 588 cubabat
548 552 632 605 super
645 547 756 605 regem,
772 555 855 590 unum
868 553 904 592 ex
999 559 1002 566 ·
1038 525 1039 540 ¹

92 604 135 656 his
145 613 239 656 mento
251 607 459 672 contingentem
469 603 594 668 humum,
609 619 659 672 per
675 604 826 656 ludibrium
836 615 905 658 coe·

90 673 134 738 pit
143 671 264 736 hortari,
285 680 316 724 ut
332 671 525 724 vehementius
539 673 568 723 id
580 676 709 739 quateret
729 672 765 723 ad
784 679 904 738 terram3

92 740 243 807 elicuitque
254 742 325 793 iram
336 740 498 802 Alexandri,
517 755 597 807 quam
613 739 679 790 olim
696 741 788 791 animo
800 755 906 808 capere

91 821 146 858 non
156 813 275 874 poterat
312 807 353 858 23.
371 807 470 874 ltaque
486 821 548 869 rex,
567 803 609 858 Tu
619 816 717 869 autem,
730 807 831 875 inquit,
846 819 906 860 bon

91 873 257 926 veneraberis
271 875 331 926 mei
347 873 391 925 Au
407 873 458 924 tibi
474 874 523 925 uni
538 873 614 942 digni
623 874 741 926 sidereus
759 890 812 926 esse
830 871 902 926 ludi-

92 941 168 993 brio?
185 943 236 994 llle
252 957 304 993 ncc
317 957 412 1009 regem
426 941 559 1004 ludibrio,
578 957 630 994 nec
644 951 680 994 'se
702 949 845 994 contemtu
860 945 902 994 di·

91 1023 174 1076 gnum
186 1024 249 1061 esse
259 1010 413 1076 respondit.
446 1009 486 1060 at.
498 1011 570 1060 Tum
581 1011 735 1069 detractum
749 1024 811 1060 eum
823 1010 902 1062 lecto

91 1090 140 1127 rex
156 1080 249 1144 praeci
271 1078 323 1128 itat
338 1078 493 1130 interram.
528 1077 565 1128 Et
580 1092 662 1145 quum
676 1077 701 1127 is
716 1088 819 1145 pronus
838 1092 901 1130 cor-

89 1145 207 1196 ruisset:
256 1143 353 1207 idesne,
364 1145 468 1211 inquit,
483 1143 553 1194 idem
564 1143 705 1214 defecisse,
725 1145 797 1212 quod
806 1144 833 1194 s'n
846 1146 900 1197 alio

85 1212 177 1277 paullo
192 1219 254 1262 ante
268 1210 392 1262 ridebas?
408 1210 445 1262 Et
458 1211 532 1262 tradi
546 1227 580 1281 eo
594 1214 623 1263 in
640 1213 795 1264 custodiam
809 1213 901 1278 iusso,

90 1279 247 1328 convivium
257 1276 353 1328 solvit.

139 1341 185 1394 Vl.
206 1343 410 1459 Polyperconti
421 1345 533 1411 quidem
548 1337 666 1412 postea',
687 1348 825 1414 castigato
842 1349 902 1412 dib,

87 1410 284 1477 ignovitinGa
296 1409 522 1475 listhenem,olim
532 1416 903 1480 contumaciaesuspettum,

88 1478 287 1544 pervicacioris
301 1479 360 1529 irae
375 1477 444 1542 tuit,
464 1480 543 1531 cuius
560 1481 714 1547 explendae
728 1489 837 1532 matura
851 1486 901 1534 ob-

86 1545 163 1595 venit
184 1546 306 1597 occasio.
346 1549 370 1597 2.
389 1547 453 1598 Mos
469 1557 542 1610 erat,
564 1555 699 1614 utsupra
720 1549 822 1600 dictum
845 1557 901 1615 es't,

86 1611 257 1680 principibus
268 1613 468 1677 Macedonum,
480 1614 591 1666 adultos
601 1615 707 1666 liberos
718 1618 832 1684 regibus
843 1623 899 1670 tra·

88 1680 169 1740 dere,
185 1680 221 1731 ad
235 1681 329 1732 munia
344 1679 418 1732 haud
434 1682 549 1734 multum
564 1683 713 1734 servilibus
733 1685 899 1738 ministeriis

86 1745 274 1799 abhorrentia.
310 1749 335 1800 3.
352 1749 549 1813 Excubabant,
569 1753 688 1803 servatis
699 1752 821 1804 noctium
831 1756 900 1806 vici·

86 1815 151 1876 bus,
173 1816 293 1883 proximi
303 1815 412 1868 foribus
425 1819 485 1869 eius
498 1818 590 1882 aedis,
605 1819 634 1868 in
651 1833 706 1884 qua
718 1833 769 1870 rex
783 1821 900 1888 adquie-

85 1883 192 1934 scebat.
227 1883 283 1934 Per·
292 1881 343 1934 bos
354 1883 471 1950 pellices
482 1885 731 1937 introducebantur
741 1883 899 1951 alio'aditu,

104 1965 166 2000 uam
183 1966 265 2019 quem
279 1951 378 2002 armati
397 1952 571 2004 obsidebant.
611 1952 636 2002 d.
660 1953 748 2004 iidem
763 1962 897 2023 acceptos

85 1965 119 2067 ἓν
130 2019 301 2086 agasonibus
313 2033 410 2086 equos,
422 2034 505 2087 quum
515 2033 565 2087 rex
576 2027 742 2072 ascensurus
753 2031 838 2088 esset,
849 2025 898 2078 ad·

84 2087 248 2148 nrorebant;
259 2086 519 2155 comitabanturque
530 2094 559 2139 et
569 2094 725 2152 venantem,
738 2096 766 2140 et
774 2091 803 2142 in
814 2107 900 2158 pros-2

85 2152 144 2217 liis3
166 2153 293 2207 omnibus
309 2154 416 2205 artibus
433 2155 589 2206 studiorum
602 2155 763 2207 liberalium
779 2160 897 2211 exculti.

85 2220 109 2270 5.
121 2219 294 2289 Praecipuus
304 2219 395 2273 bonor
404 2220 571 2286 habebatur,
587 2225 663 2291 quod
677 2225 784 2277 licebat
796 2227 899 2278 seden-

86 2285 158 2338 tibus
178 2291 256 2341 vesci
274 2305 336 2340 cum
348 2287 435 2358 rege.
477 2290 640 2359 Castigandi
660 2305 710 2344 eos
730 2292 896 2347 verberibus

67 2351 71 2357 '
87 2352 187 2405 nullius
202 2361 340 2423 potestas,
360 2365 473 2424 praeter
486 2361 589 2425 ipsum,
606 2365 674 2412 erat.
709 2359 734 2412 d.
750 2358 834 2413 llaec
848 2377 898 2414 co·

86 2433 150 2474 uors
161 2421 237 2473 velut
247 2425 426 2478 seminarium
437 2426 537 2478 ducam
547 2426 810 2495 praefectorumque
821 2429 896 2496 apud

85 2487 254 2540 Macedonas
268 2489 330 2542 fuit.
366 2494 440 2544 ilinc
454 2492 576 2546 habuere
589 2496 698 2562 posteri
709 2508 805 2564 reges,
826 2504 895 2566 quo·

86 2569 144 2605 runr
162 2553 295 2626 stirpibus
312 2566 377 2626 post
392 2561 494 2611 multas
511 2568 619 2614 aetates
635 2563 753 2614 Romani
767 2577 836 2630 opes
845 2563 895 2615 ad·

86 2631 218 2677 emerunt.
253 2627 279 2675 7.
290 2624 388 2692 igitur
397 2627 565 2680 llermolaus
576 2640 645 2696 puer
653 2629 756 2681 nobilis
768 2645 803 2683 ex
812 2642 843 2682 re
867 2629 896 2681 'a

86 2686 210 2754 cohorte,
225 2707 307 2760 quum
319 2707 414 2760 aprum
423 2695 482 2746 telo
495 2703 674 2764 occupasset,
689 2711 771 2765 quem
784 2645 893 2750 rexis-

1028 1317 1039 1617 r
