2098 3040
308 219 455 270 muca
483 222 516 270 x.
549 221 689 274 cana
750 292 753 296 ι
812 221 901 300 sam

99 321 251 388 patientiae
263 321 429 387 exemplunm
457 323 480 371 4.
502 321 629 387 adeoque
642 337 697 372 non
711 328 775 373 sunt
788 323 901 373 accensi

99 387 237 454 supplicio
250 389 482 450 commilitonum,
504 404 586 455 quum
602 387 652 438 sub
668 395 776 439 noctem
786 387 900 440 interie-

99 462 160 505 ctos
175 468 237 504 esse
252 463 379 518 nossent,
399 464 430 506 ut
446 453 517 506 nihil
531 455 689 516 omiserint,
708 455 782 521 quod
797 457 900 524 singuli

97 521 188 587 magis
200 521 363 578 obedienter
373 538 405 573 ac
415 525 460 588 pie
471 522 606 574 iacerent.
642 523 666 572 5.
678 521 747 572 Nam
760 537 841 587 quum
851 539 900 590 po·

99 595 176 638 stero
197 587 242 639 die
261 587 395 654 prohibiti
408 591 486 640 aditu
501 591 652 651 venissent,
672 589 805 640 Asiaticis
815 591 899 642 modo

55 677 65 689 ι
99 652 232 705 militibus
253 655 394 717 admissis,
414 656 560 724 lugubrem
578 657 648 707 totis
668 657 767 708 castris
787 655 899 708 edidere

99 723 259 783 clamorem,
272 723 482 784 denuntiantes,
493 725 620 790 protinus
631 738 694 775 esse
704 724 865 786 morituros,
876 727 901 775 si

98 803 149 840 rex
168 797 360 854 perseveraret
378 791 472 841 irasci.
517 789 541 842 b.
569 793 604 842 dt
621 791 671 842 ille
690 791 845 858 pervicacis
865 791 901 840 ad

99 859 201 918 omnia,
213 871 283 923 quae
294 859 439 923 agitasset,
451 857 544 920 animi,
559 859 771 924 peregrinorum
781 858 900 914 militum
936 901 938 906 .

98 925 262 974 concionem
273 924 405 986 advocari
414 924 500 987 iubet,
511 925 714 976 Macedonibus
723 927 798 976 intra
808 929 901 976 castra

14 1039 15 1050 ,
98 989 242 1042 cohibitis:
265 997 294 1040 et
303 1006 386 1057 quum
395 989 557 1058 frequentes
569 993 701 1055 coissent,
722 991 849 1043 adbibita
859 994 899 1042 in·

96 1064 230 1123 terprete‚
249 1057 336 1108 talem
349 1057 619 1111 orationemhaliuit.
656 1062 681 1111 7.
702 1057 789 1123 Quum
800 1073 832 1110 ex
841 1057 898 1110 Eu-

97 1139 166 1190 rapa
177 1123 366 1176 traiiceremin
376 1125 477 1188 Asiam,
497 1128 593 1180 multat
606 1126 706 1179 aediles
743 1135 823 1188 entes,
843 1143 898 1178 mu-

94 1207 181 1260 gmam
199 1190 252 1242 aim
270 1191 405 1244 bominum
423 1191 534 1261 imperio
551 1211 609 1246 meo
623 1195 715 1248 me'ud
730 1194 831 1246 iturum
846 1211 900 1246 esse

14 1321 15 1324 Ἴ
95 1259 244 1326 sperabam.
281 1257 551 1328 Necdeceptussum,
572 1263 645 1331 quad
653 1263 734 1314 debis
745 1261 898 1342 credidise-

14 1351 15 1368 1
96 1341 163 1377 mae.
197 1329 222 1379 8.
242 1326 296 1378 oet
314 1328 352 1380 ad
360 1327 408 1380 itta
420 1328 472 1381 boc
486 1331 721 1398 puuquaaceessit,
744 1330 898 1400 quodasdeo

14 1375 15 1438 i
89 1393 182 1464 fortes
191 1394 262 1446 eires
273 1411 339 1464 erga
348 1413 426 1464 reges
435 1414 496 1450 mos
501 1398 613 1466 pietatis
621 1397 745 1452 inuictae.
782 1397 900 1452 &Luxu

14 1475 15 1526 j
97 1461 188 1512 ommia
193 1461 283 1527 fluere
298 1462 475 1526 credideram,
497 1475 524 1518 et
535 1466 618 1517 nimia
626 1467 764 1534 felicitate
773 1465 862 1534 mergi
870 1465 900 1516 ia

14 1575 15 1596 ἶ
96 1529 252 1595 voluptates.
288 1529 327 1579 Ar
346 1530 554 1582 lsereulemuuia
568 1532 901 1584 militiuebocaaimorum

14 1615 15 1670 ‡
97 1611 291 1674 corporumque
300 1595 398 1646 robore
408 1613 492 1663 aeque
500 1597 615 1666 impigre
625 1599 763 1660 lateratim·
784 1607 810 1648 et
820 1615 899 1664 quum

14 1673 15 1698 ἢ
90 1663 185 1734 fortes
194 1661 245 1714 aim
254 1661 327 1723 sitis,
346 1663 599 1732 aomsdrtitudinem
609 1665 709 1733 magis,
731 1664 900 1732 puamfidem

98 1729 192 1782 colitis.
229 1732 269 1779 1⁰.
281 1728 342 1781 Huc
351 1745 402 1797 ega
412 1728 494 1847 gnon]
506 1747 577 1784 uuae
583 1731 902 1812 primumprositeor,s'ed

97 1797 160 1848 olim
169 1797 233 1848 scio.
269 1796 365 1864 Itaque
376 1804 404 1848 et
430 1798 539 1852 electum
549 1815 562 1850 e
571 1797 644 1851 aubis
658 1799 794 1851 iumcrum
808 1798 898 1860 dabui,

97 1874 124 1916 et
132 1880 178 1915 aas
187 1879 306 1916 meorum
315 1862 427 1916 militum
437 1865 549 1932 corpori
559 1865 698 1918 immiscui.
734 1866 808 1917 idem
823 1864 898 1917 babi-
977 1927 980 1932 Γ

97 1941 151 1994 ms,
163 1931 253 1983 eudem
264 1947 341 1984 arma
349 1940 413 1984 suat
421 1931 507 1984 aubi:
527 1933 679 2003 obsequium
688 1950 750 1985 uera
760 1943 787 1985 et
791 1933 899 2000 patieu-

97 2000 138 2050 tia
153 1997 262 2065 imperii
276 2001 355 2067 longe
364 1999 551 2068 praestantior
561 2010 608 2064 est,
629 2017 708 2068 quam
718 2001 819 2053 ceteris.
857 2002 897 2048 11.

96 2067 177 2135 Ergo
196 2065 252 2132 ipse
262 2065 389 2133 Oxyartis
399 2067 499 2119 Persae
507 2067 597 2136 filiam
613 2067 752 2120 mecumiu
761 2065 898 2119 matrimo-

97 2133 142 2186 nio
153 2131 298 2196 iustuimoa
307 2133 466 2202 dedignatus
476 2151 507 2188 ex
518 2135 624 2203 captiua
634 2136 728 2188 liberos
739 2137 839 2188 tollere.
857 2137 897 2184 12.
950 2135 959 2170 ¹.

98 2200 165 2254 Mox
175 2199 268 2256 danda
278 2215 358 2267 quam
368 2200 477 2268 stirpem
484 2201 592 2282 gesseris
601 2204 653 2255 mei
663 2202 900 2270 latiusprapagare

99 2285 229 2335 euperem,
240 2281 350 2320 uxorem
359 2265 443 2320 Darii
443 2268 534 2336 filiam
543 2270 608 2322 draci
614 2288 626 2334 ,·
641 2270 825 2338 proximisque
836 2269 901 2320 ami-

100 2351 191 2387 carum
203 2343 299 2388 auctor
301 2333 354 2405 fui
362 2351 395 2388 ea
404 2337 515 2403 captiuis
523 2338 674 2406 generandi
682 2338 790 2390 liberos:
810 2337 901 2390 utboc

100 2418 178 2455 sacro
185 2403 301 2474 foedere
315 2419 391 2454 omne
406 2403 546 2456 discrimem
555 2405 621 2457 uicti
629 2413 656 2456 et
664 2405 772 2458 uictoris
782 2404 900 2458 exclude-

100 2485 165 2522 rem.
202 2471 242 2522 la.
263 2469 381 2524 Proinde
388 2471 496 2540 genitos
507 2487 560 2524 esse
570 2489 615 2524 aas
625 2472 698 2534 mibi,
718 2491 773 2526 mou
787 2473 901 2524 adscitos

100 2537 197 2589 milites
217 2538 324 2591 credite.
360 2538 442 2590 Asiae
459 2547 487 2591 et
499 2539 629 2608 Europae
648 2556 729 2592 uuum
744 2551 824 2609 atque
832 2540 902 2589 idem

101 2619 216 2674 regnum
231 2612 277 2656 ert.
313 2604 490 2660 Macedonum
499 2607 572 2660 uobis
587 2623 664 2660 arma
673 2608 715 2660 da.
751 2604 904 2668 inveteravi

96 2671 272 2750 peregrinam
289 2673 445 2737 imitatem,
466 2683 492 2726 et
508 2675 574 2726 ciues
594 2674 647 2726 mei
664 2677 725 2728 estis
745 2683 772 2726 et
789 2672 902 2734 milites,-

102 2755 193 2790 omum
203 2739 310 2790 eundem
323 2741 421 2794 diccunt
430 2744 551 2794 colorem.
589 2744 630 2793 14.
647 2741 703 2794 Nec
714 2741 806 2794 Persis
814 2739 902 2794 Mace·
