2054 3030
293 173 438 226 LlBiEll
464 176 510 227 lll.
539 177 635 228 CAP.
664 181 704 230 10.
856 179 905 230 125
929 177 930 182 ’

151 274 186 326 lt
205 275 261 325 lam
272 277 300 325 in
311 283 476 344 conspectu,
494 279 544 330 sed
556 285 635 330 extra
643 279 694 330 teli
704 279 817 342 iactum,
831 289 906 330 utra-

91 356 154 410 que
165 343 242 393 acies
258 349 330 407 erat;
350 360 433 411 quum
451 346 560 411 priores
572 347 675 396 Persae
690 348 864 399 inconditum
877 353 906 398 et

90 417 208 461 trucem
225 409 361 460 sustulere
382 412 543 464 clamorem.
578 416 602 462 Ἃ.
623 412 758 464 Redditur
772 422 800 465 et
814 429 831 464 a
845 415 905 466 Ma·

90 476 268 539 cedonibus,
288 478 378 528 maior
386 480 527 532 exereitus
538 493 667 541 numero,
687 481 760 546 iugis
770 482 905 533 montium

90 541 904 616 vastisquesaltibusrepercussus:quippesemperciroum·

89 615 175 664 iecta
188 626 300 662 nemora
326 619 491 679 petraeque,
511 622 751 682 quantamcunque
772 629 904 682 accepere

89 694 206 740 vocem,
226 679 411 746 multiplicato
432 696 502 732 sono
522 681 657 732 referunt.
698 681 722 732 3.
746 679 905 733 Alexander

89 753 162 798 ante
172 747 260 814 prima
270 748 352 815 signa
362 747 428 808 ibat,
440 748 594 800 identidem
603 763 758 800 manusuos
767 746 905 811 inhibens,

89 829 131 866 na
142 815 295 882 impensius
307 814 342 865 ob
354 814 466 866 nimiam
479 814 690 866 festinationem
699 816 841 866 concitato
852 819 905 881 spi-

88 883 152 934 ritu
163 887 344 950 capesserent
353 881 500 947 proelium.
532 881 556 932 l.
570 881 714 950 Quumque
725 883 830 950 agmini
842 882 906 933 obe-

90 950 229 1018 quitaret,
249 951 328 1000 uaria
342 949 478 1009 oratione,
499 955 531 1000 ut
543 951 677 1017 cuiusque
691 950 791 1000 animis
812 954 905 1016 aptum

90 1023 168 1079 erat,
178 1017 284 1066 milites
295 1014 498 1084 alloquebatur.
522 1017 703 1080 Macedones,
713 1009 905 1068 tatianorum

89 1088 124 1137 iu
136 1084 252 1149 Europa
262 1083 394 1146 victores,
406 1084 441 1135 ad
451 1085 633 1152 subigendam
642 1086 735 1137 Asiam
746 1091 830 1151 atque
841 1085 905 1135 ulti-

88 1167 143 1203 ma
154 1150 288 1210 Orientis,
303 1166 358 1201 non
367 1151 455 1216 ipsius
471 1153 572 1220 magis,
589 1168 669 1220 quam
683 1167 734 1204 suo
747 1153 831 1204 ductu
835 1165 904 1270 prc-

89 1219 181 1280 fecti,
201 1219 372 1268 inveteratae
396 1219 505 1270 virtutis
526 1220 754 1272 admonebantur.
791 1221 816 1271 5.
850 1220 904 1272 llos

89 1295 236 1338 terrarum
246 1285 321 1335 orbis
332 1281 510 1350 liberatores,
524 1303 707 1357 emensosque
718 1288 785 1339 olim
796 1289 902 1339 Hercu·
921 1331 925 1337 .

90 1356 130 1406 lis
143 1359 172 1405 et
182 1352 279 1403 Liberi
288 1355 374 1420 patris
389 1355 537 1418 terminos,
557 1370 613 1406 non
628 1357 722 1407 Persis
737 1356 838 1419 modo,
852 1357 902 1408 sed

90 1422 182 1473 etiam
197 1421 324 1472 omnibus
340 1421 470 1488 gentibus
486 1423 667 1489 imposituros
680 1425 790 1497 iugum:
809 1423 902 1476 Mace-

92 1491 200 1542 donum
218 1490 376 1555 provincias
397 1489 500 1541 Bactra
519 1497 548 1540 et
566 1489 649 1542 Indos
669 1490 741 1542 fore.
785 1492 903 1542 Minima

92 1569 168 1619 esse,
180 1569 251 1624 quae
261 1571 333 1607 nuno
342 1557 531 1620 intuerentur3
546 1558 596 1608 sed
607 1559 700 1608 omnia
709 1559 828 1610 victoria
839 1573 902 1626 ape-

93 1623 155 1676 riri.
191 1621 215 1674 b.
230 1621 294 1674 Non
303 1623 332 1672 iu
343 1624 498 1690 praeruptis
508 1625 596 1690 petris
606 1625 767 1692 lllyriorum
777 1631 806 1677 et
815 1625 903 1676 Thra·

94 1693 157 1744 ciae
168 1693 244 1742 saxis
255 1691 380 1742 sterilem
391 1691 598 1754 laboromiore3
610 1693 701 1758 spolia
710 1693 903 1744 totiusOrien-

93 1761 133 1812 lis
148 1758 253 1809 offerri.
290 1755 346 1808 Vix
365 1757 460 1823 gladio
475 1757 598 1808 futurum
612 1774 695 1825 opus;
710 1765 801 1810 totam
815 1759 904 1808 aciem

1 1841 2 1844 ’
94 1841 148 1880 suo
159 1841 262 1893 pavore
273 1823 454 1876 fluctuantem
461 1824 628 1876 umbonibus
638 1839 722 1890 posse
731 1825 863 1891 propelli.
878 1827 904 1877 7.

93 1894 196 1947 Victor
206 1892 242 1943 ad
252 1891 322 1944 baec
331 1891 541 1943 Atheniensium
547 1890 692 1958 Philippus
702 1899 782 1958 pater
792 1893 904 1943 invoca-

93 1964 189 2014 batur:
200 1961 378 2029 domitaeque
389 1975 477 2026 nuper
486 1959 632 2022 Boeotiae,
644 1965 674 2011 et
684 1960 761 2011 urbis
771 1961 801 2012 in
812 1973 846 2010 ea
856 1975 904 2010 no-

93 2030 250 2083 bilissimae
270 2028 306 2078 ad
320 2028 410 2078 solum
424 2028 532 2079 dirutae
546 2029 656 2096 species
674 2026 904 2095 repraesentaba-

1 2091 2 2099 '
93 2105 143 2150 tur
153 2095 261 2146 animis.
296 2095 355 2152 lam
374 2095 525 2147 Granicum
547 2111 663 2158 amnem,
683 2096 740 2147 iam
755 2102 800 2146 tot
810 2094 903 2157 urbes,

95 2171 146 2217 aut
165 2168 347 2230 expugnatas,
367 2164 462 2214 autin
482 2163 563 2214 iidem
584 2169 723 2231 acceptas,
746 2163 903 2228 omniaque,

91 2246 168 2301 quae
190 2235 255 2298 post
270 2237 379 2298 tergum
395 2237 483 2294 erant,
498 2237 586 2282 strata
601 2230 761 2297 etpedibus
779 2231 904 2298 ipsorum

93 2300 224 2354 subiecta
241 2299 422 2350 memorabat.
467 2299 492 2350 8.
521 2298 612 2359 Quum
635 2299 745 2350 adierat
768 2297 901 2361 Graecos,

93 2366 276 2426 admonebat,
284 2365 317 2416 ab
329 2366 364 2416 iis
376 2365 506 2434 gentibus
516 2365 596 2416 illata
607 2365 743 2417 Graeciae
753 2364 835 2428 bella,
847 2366 902 2418 Da-

90 2436 129 2488 rii
142 2434 226 2500 prius,
238 2433 339 2484 deinde
350 2433 452 2485 Xerxis
463 2433 623 2494 insolentia,
641 2448 740 2500 aquam
749 2434 838 2500 ipsam
847 2441 903 2485 ter-

91 2515 211 2568 ramque
221 2501 408 2568 poscentium,
424 2508 455 2551 ut
465 2515 554 2567 neque
565 2500 684 2551 fontium
695 2499 835 2565 haustum,
851 2517 903 2552 neo

91 2570 198 2624 solitos
218 2570 296 2620 cibos
315 2568 514 2634 relinquerent.
550 2568 575 2620 9.
594 2568 667 2618 Dein
685 2568 775 2634 Derim
796 2570 903 2634 templa

89 2638 183 2693 ruinis
194 2645 223 2688 ct
232 2635 343 2704 ignibus
356 2651 419 2687 esse
430 2635 536 2697 deleta,
555 2634 639 2686 urbes
654 2651 750 2688 eorum
761 2652 834 2704 expu
855 2650 891 2684 na

88 2716 146 2770 tas,
155 2701 392 2758 loederahumani
401 2704 541 2770 divinique
552 2703 621 2755 iuris
633 2703 844 2769 violata,relere
866 2708 894 2751 at
