2082 3042
350 183 496 234 ernon
522 181 573 233 vl.
610 173 703 236 cnr.
734 187 774 236 11.
905 184 956 237 noa

149 287 189 338 ed
202 283 332 337 Dionnum
348 283 480 352 pertinet,
502 283 571 336 nitet
588 283 661 346 κοῖος
689 293 715 336 et
734 287 799 338 daec
818 285 956 356 confertus

149 353 272 421 intelligo
290 369 344 404 nen
355 353 481 421 prodesse
495 350 569 414 mitt,
591 351 662 418 qnod
671 367 782 418 prorsus
795 353 901 406 sceleris
911 370 963 406 ex.-

145 419 212 489 'pers
224 435 290 472 mvn.
326 420 367 470 31.
387 421 432 472 iiii
450 436 545 471 rursus
558 420 706 470 tornrentis
721 422 849 484 admotis,
870 437 955 489 quum

151 488 207 554 ipsi
227 502 336 555 quoque
352 485 439 539 hastis
453 503 485 539 os
499 487 653 553 oculosque
668 487 728 536 eius
747 489 952 552 everberarent,
993 503 996 512 ¹

151 564 181 606 ut
192 554 245 606 hoc
256 569 366 624 quoque
377 556 482 606 crimen
493 555 683 615 confiteretur,
700 567 874 620 expressere.
909 557 950 608 32.

150 623 334 691 Exigentibus
352 623 469 683 deinde,
495 628 527 674 ut
552 621 678 672 ordinem
699 621 817 688 cogitati
835 624 951 675 sceleris

149 697 316 757 exponeret3
336 705 420 758 quum
439 689 487 741 diu
501 688 604 740 Bactra
616 693 760 740 retentura
772 703 867 754 regem
877 691 952 742 ride·
1020 739 1021 742 ,

149 766 246 808 rentur
253 795 261 822 ,
284 758 412 809 timuisse
430 757 589 824 respondit,
606 770 640 806 ne
659 763 750 821 poter,
775 755 853 807 LXX
871 764 951 809 natus
1020 813 1021 818 ,

149 841 246 887 annos,
268 826 338 876 tanti
349 827 489 875 exercitus
503 824 568 886 dux,
587 830 682 874 tautae
697 825 831 889 pecuniae
847 832 952 888 custos,

148 894 262 944 interim
282 893 516 961 exstingueretur,
536 890 654 959 ipsique,
674 891 796 957 spoliato
813 893 899 942 tantis
915 893 951 942 vi·
1020 937 1021 940 ,

148 961 235 1021 ribus,
258 959 406 1010 occidendi
426 959 501 1027 regis
518 973 603 1010 causa
617 974 670 1010 non
683 966 766 1009 esset.
802 959 843 1010 33.
864 959 951 1010 Festi·

149 1041 233 1077 nasse
253 1041 321 1093 ergo
338 1041 378 1088 se,
398 1025 461 1076 dum
477 1029 626 1091 praemium
641 1024 758 1078 haberet
770 1028 799 1078 iu
814 1026 951 1088 manibus,

149 1100 361 1158 repraesentare
382 1094 541 1155 consitium,
559 1095 641 1145 euius
663 1101 768 1160 patrem
789 1110 843 1145 non
861 1093 950 1145 fuisse

149 1167 292 1212 auctorem
310 1162 364 1212 nisi
384 1162 539 1224 crederent,
558 1168 706 1222 tormento,
725 1177 889 1229 quamquam
909 1168 951 1213 to-

148 1228 240 1280 lcrore
251 1243 306 1278 non
318 1235 422 1296 posset,
433 1241 525 1280 tomen
536 1245 590 1280 non
602 1243 741 1280 recusare.
778 1229 819 1281 34.
839 1230 882 1280 iiii
894 1229 952 1281 col·

147 1297 236 1347 locuti
258 1297 327 1348 satis
347 1297 502 1364 quaesitum
519 1297 618 1359 videri,
639 1297 674 1346 ad
693 1311 788 1364 regem
808 1303 951 1349 revertun-

146 1369 201 1415 tur.
238 1363 293 1425 Qui
312 1371 425 1432 postero
447 1365 492 1415 die
511 1371 540 1416 ct
559 1379 629 1430 quae
649 1364 794 1416 coufessus
809 1372 870 1417 erot
883 1364 949 1415 Pru:
970 1391 971 1394 ¹
1020 1419 1021 1422 ,

145 1427 220 1482 lotas
241 1433 362 1493 recitari,
384 1438 413 1482 et
430 1433 529 1499 ipsum,
548 1432 613 1498 quia
626 1433 737 1498 ingredi
753 1447 808 1482 uon
828 1439 948 1498 poterat,

145 1499 230 1549 iussit
250 1497 353 1548 afferri.
389 1499 430 1550 35.
451 1499 551 1548 Omnia
571 1507 741 1565 agnoscente
762 1499 873 1561 ecdem,
893 1499 949 1550 De·
1020 1549 1021 1552 ,

145 1565 273 1626 mettius,
293 1565 339 1631 qui
358 1564 476 1630 proximi
489 1564 604 1616 sceleris
620 1566 758 1630 particeps
773 1581 835 1616 esse
851 1581 949 1634 argue·

146 1632 242 1691 batur,
266 1631 441 1697 producitur:
471 1631 558 1682 multa
586 1633 782 1694 affirmatione,
809 1633 948 1698 animique

145 1700 252 1766 pariter
263 1699 429 1759 constantia,
450 1705 479 1748 et
489 1699 566 1748 vultu
577 1697 714 1759 abnuens,
734 1699 884 1765 quidquem
894 1700 948 1752 sibi

144 1769 174 1818 in
191 1781 287 1834 regem
305 1767 459 1832 cogitatum
474 1779 546 1826 esse,
566 1770 706 1815 tormenta
721 1766 803 1815 etiam
815 1765 947 1830 deposce-

143 1835 194 1886 bat
204 1837 231 1885 iu
245 1834 433 1899 semetipsum.
470 1832 511 1885 36.
530 1830 620 1892 Quum
636 1829 761 1883 Philotas
779 1832 948 1884 circumlatis

145 1902 235 1954 oculis
257 1903 395 1952 incideret
418 1902 445 1951 in
466 1900 545 1952 Calin
567 1899 724 1965 quemdam,
754 1897 828 1967 haud
851 1902 948 1964 procul

145 1977 278 2030 stantem,
298 1971 412 2036 propius
429 1983 490 2018 eum
505 1967 587 2018 iussit
598 1967 742 2025 accedere.
778 1967 830 2018 llio
841 1975 947 2034 pertur-

143 2038 210 2088 bato
222 2045 251 2088 et
260 2043 406 2088 recusante
416 2035 535 2087 transire
553 2035 682 2094 adeum,
697 2034 826 2101 potierit,
848 2035 947 2102 inquit,

143 2103 311 2156 Demetrium
330 2103 449 2164 mentiri,
475 2118 620 2169 rueretque
641 2118 682 2153 me
701 2100 871 2154 excruciari?
905 2103 946 2155 37.

144 2173 223 2224 Calin
248 2187 303 2224 vox
328 2170 498 2238 sanguisque
523 2169 698 2222 defeceram:
728 2177 757 2220 et
774 2168 946 2224 Macedones

143 2239 284 2291 Philotam
305 2238 450 2304 inquinare
472 2237 601 2289 innoxios
626 2237 700 2288 velle
724 2237 945 2302 suspicabantur,

143 2309 208 2372 quia
223 2322 274 2357 neo
289 2322 306 2357 a
320 2303 502 2365 Nicomacho,
523 2319 574 2355 neo
589 2305 700 2371 abipso
715 2301 842 2369 Philota,
864 2321 945 2372 quum

142 2381 336 2440 torqueretur,
358 2375 516 2423 nominatus
536 2377 612 2422 esset
631 2370 805 2424 adolescens.
841 2373 895 2435 eui
915 2382 947 2425 ut

144 2441 302 2506 praefectos
315 2442 391 2509 regis
402 2441 613 2491 circumstantes
624 2453 655 2489 se
670 2438 752 2502 vidit,
771 2439 944 2492 Demetrium

144 2510 370 2575 etsemetipsum
390 2509 419 2560 id
440 2506 548 2558 facinus
568 2505 710 2574 cogitasse
730 2507 876 2559 confessus
892 2515 943 2560 est.

141 2577 184 2628 38.
204 2577 307 2628 Omnes
323 2591 391 2644 ergo
409 2571 607 2627 aNicomacho
622 2574 790 2637 nominatos,
810 2589 888 2626 more
898 2591 945 2642 pa·

139 2646 206 2706 trio,
228 2644 294 2694 dato
310 2644 401 2710 siguo,
422 2643 497 2694 saxis
514 2643 674 2693 obruerunt.
710 2641 752 2693 tt.
770 2643 876 2708 Magno
889 2657 945 2694 uon

139 2713 225 2764 modo
245 2711 358 2773 salutis,
382 2710 433 2762 sed
455 2711 539 2761 etiam
558 2708 680 2762 invidiae
698 2709 825 2776 periculo
845 2709 943 2760 libera·

962 2883 1021 3006 l
