<?xml version="1.0" encoding="UTF-8"?>
<!DOCTYPE html PUBLIC "-//W3C//DTD XHTML 1.0 Transitional//EN"
    "http://www.w3.org/TR/xhtml1/DTD/xhtml1-transitional.dtd">
<html xmlns="http://www.w3.org/1999/xhtml" xml:lang="en" lang="en">
 <head>
  <title>
</title>
<meta http-equiv="Content-Type" content="text/html;charset=utf-8" />
  <meta name='ocr-system' content='tesseract 3.04.00' />
  <meta name='ocr-capabilities' content='ocr_page ocr_carea ocr_par ocr_line ocrx_word'/>
</head>
<body>
  <div class='ocr_page' id='page_1' title='image "./qcurtiirufidere00johagoog_0035.png"; bbox 0 0 2036 3030; ppageno 0'>
   <div class='ocr_carea' id='block_1_1' title="bbox 133 159 1014 374">
    <p class='ocr_par' dir='ltr' id='par_1_1' title="bbox 133 159 1014 374">
     <span class='ocr_line' id='line_1_1' title="bbox 190 159 1014 253; baseline -0.006 2"><span class='ocrx_word' id='word_1_1' title='bbox 190 159 832 253; x_wconf 41' lang='lat' dir='ltr'><strong><em>⁸suppnuuuu&#39;1¹s.mss.1.asmo.</em></strong></span> <span class='ocrx_word' id='word_1_2' title='bbox 902 203 935 252; x_wconf 81' lang='lat' dir='ltr'><strong><em>ss</em></strong></span> <span class='ocrx_word' id='word_1_3' title='bbox 1013 183 1014 230; x_wconf 59' lang='lat'>³</span> 
     </span>
     <span class='ocr_line' id='line_1_2' title="bbox 133 301 935 374; baseline -0.005 -17"><span class='ocrx_word' id='word_1_4' title='bbox 133 303 269 356; x_wconf 87' lang='lat' dir='ltr'><strong><em>tumeliam</em></strong></span> <span class='ocrx_word' id='word_1_5' title='bbox 278 302 306 353; x_wconf 91' lang='lat' dir='ltr'><strong><em>in</em></strong></span> <span class='ocrx_word' id='word_1_6' title='bbox 320 301 423 354; x_wconf 82' lang='lat' dir='ltr'><strong><em>Locros</em></strong></span> <span class='ocrx_word' id='word_1_7' title='bbox 436 302 593 354; x_wconf 75' lang='lat' dir='ltr'><strong><em>vindicavit:</em></strong></span> <span class='ocrx_word' id='word_1_8' title='bbox 613 304 664 356; x_wconf 88' lang='lat' dir='ltr'><strong><em>buc</em></strong></span> <span class='ocrx_word' id='word_1_9' title='bbox 678 321 781 372; x_wconf 89' lang='lat' dir='ltr'><strong><em>quoque</em></strong></span> <span class='ocrx_word' id='word_1_10' title='bbox 792 303 935 374; x_wconf 87' lang='lat' dir='ltr'><strong><em>profectus</em></strong></span> 
     </span>
    </p>
   </div>
   <div class='ocr_carea' id='block_1_2' title="bbox 133 369 1015 438">
    <p class='ocr_par' dir='ltr' id='par_1_2' title="bbox 133 369 1015 438">
     <span class='ocr_line' id='line_1_3' title="bbox 133 369 1015 438; baseline -0.001 -15"><span class='ocrx_word' id='word_1_11' title='bbox 133 381 180 434; x_wconf 90' lang='lat' dir='ltr'><strong><em>est,</em></strong></span> <span class='ocrx_word' id='word_1_12' title='bbox 204 380 234 422; x_wconf 89' lang='lat' dir='ltr'><strong><em>ut</em></strong></span> <span class='ocrx_word' id='word_1_13' title='bbox 245 369 339 421; x_wconf 68' lang='lat' dir='ltr'><strong><em>vacuis</em></strong></span> <span class='ocrx_word' id='word_1_14' title='bbox 352 369 495 421; x_wconf 88' lang='lat' dir='ltr'><strong><em>commodis</em></strong></span> <span class='ocrx_word' id='word_1_15' title='bbox 515 372 671 433; x_wconf 72' lang='lat' dir='ltr'><em>consuleret,</em></span> <span class='ocrx_word' id='word_1_16' title='bbox 689 389 742 423; x_wconf 91' lang='lat' dir='ltr'><strong><em>nan</em></strong></span> <span class='ocrx_word' id='word_1_17' title='bbox 756 372 932 433; x_wconf 86' lang='lat' dir='ltr'><strong><em>abscessurus,</em></strong></span> <span class='ocrx_word' id='word_1_18' title='bbox 1014 435 1015 438; x_wconf 8' lang='grc' dir='ltr'><strong>Ἴ</strong></span> 
     </span>
    </p>
   </div>
   <div class='ocr_carea' id='block_1_3' title="bbox 122 437 969 1718">
    <p class='ocr_par' dir='ltr' id='par_1_3' title="bbox 122 437 969 1718">
     <span class='ocr_line' id='line_1_4' title="bbox 133 437 932 504; baseline -0.003 -14"><span class='ocrx_word' id='word_1_19' title='bbox 133 440 216 490; x_wconf 90' lang='lat' dir='ltr'><strong><em>donec</em></strong></span> <span class='ocrx_word' id='word_1_20' title='bbox 228 455 273 490; x_wconf 92' lang='lat' dir='ltr'><strong><em>vos</em></strong></span> <span class='ocrx_word' id='word_1_21' title='bbox 286 443 358 488; x_wconf 86' lang='lat' dir='ltr'><strong><em>metu</em></strong></span> <span class='ocrx_word' id='word_1_22' title='bbox 372 439 491 488; x_wconf 83' lang='lat' dir='ltr'><strong><em>aeosubae</em></strong></span> <span class='ocrx_word' id='word_1_23' title='bbox 504 437 679 504; x_wconf 78' lang='lat' dir='ltr'><strong><em>inimicaeque</em></strong></span> <span class='ocrx_word' id='word_1_24' title='bbox 691 439 806 490; x_wconf 88' lang='lat' dir='ltr'><strong><em>civitatis</em></strong></span> <span class='ocrx_word' id='word_1_25' title='bbox 815 440 932 490; x_wconf 83' lang='lat' dir='ltr'><strong><em>solverit.</em></strong></span> 
     </span>
     <span class='ocr_line' id='line_1_5' title="bbox 133 504 934 573; baseline 0.001 -17"><span class='ocrx_word' id='word_1_26' title='bbox 133 510 174 556; x_wconf 82' lang='grc'><strong><em>10.</em></strong></span> <span class='ocrx_word' id='word_1_27' title='bbox 193 504 228 557; x_wconf 87' lang='lat' dir='ltr'><strong><em>Id</em></strong></span> <span class='ocrx_word' id='word_1_28' title='bbox 235 505 288 556; x_wconf 86' lang='lat' dir='ltr'><strong><em>sive</em></strong></span> <span class='ocrx_word' id='word_1_29' title='bbox 298 504 477 556; x_wconf 88' lang='lat' dir='ltr'><strong><em>communibus</em></strong></span> <span class='ocrx_word' id='word_1_30' title='bbox 490 505 607 556; x_wconf 87' lang='lat' dir='ltr'><strong><em>consitiis</em></strong></span> <span class='ocrx_word' id='word_1_31' title='bbox 618 505 768 573; x_wconf 87' lang='lat' dir='ltr'><strong><em>viribusque</em></strong></span> <span class='ocrx_word' id='word_1_32' title='bbox 777 506 850 558; x_wconf 83' lang='lat' dir='ltr'><strong><em>dubet</em></strong></span> <span class='ocrx_word' id='word_1_33' title='bbox 862 523 934 558; x_wconf 82' lang='lat' dir='ltr'><strong><em>ense-</em></strong></span> 
     </span>
     <span class='ocr_line' id='line_1_6' title="bbox 130 572 935 641; baseline 0 -17"><span class='ocrx_word' id='word_1_34' title='bbox 130 573 189 641; x_wconf 88' lang='lat' dir='ltr'><strong><em>qus&#39;,</em></strong></span> <span class='ocrx_word' id='word_1_35' title='bbox 200 590 253 625; x_wconf 88' lang='lat' dir='ltr'><strong><em>noa</em></strong></span> <span class='ocrx_word' id='word_1_36' title='bbox 262 579 347 633; x_wconf 89' lang='lat' dir='ltr'><strong><em>vetat,</em></strong></span> <span class='ocrx_word' id='word_1_37' title='bbox 369 588 419 639; x_wconf 89' lang='lat' dir='ltr'><strong><em>qua</em></strong></span> <span class='ocrx_word' id='word_1_38' title='bbox 430 572 515 622; x_wconf 88' lang='lat' dir='ltr'><strong><em>minus</em></strong></span> <span class='ocrx_word' id='word_1_39' title='bbox 524 572 553 623; x_wconf 88' lang='lat' dir='ltr'><strong><em>in</em></strong></span> <span class='ocrx_word' id='word_1_40' title='bbox 560 572 679 640; x_wconf 81' lang='lat' dir='ltr'><em>praedae</em></span> <span class='ocrx_word' id='word_1_41' title='bbox 690 573 773 624; x_wconf 88' lang='lat' dir='ltr'><strong><em>verius</em></strong></span> <span class='ocrx_word' id='word_1_42' title='bbox 785 590 863 640; x_wconf 79' lang='lat' dir='ltr'><strong><em>quous</em></strong></span> <span class='ocrx_word' id='word_1_43' title='bbox 875 575 935 625; x_wconf 84' lang='lat' dir='ltr'><strong><em>belli</em></strong></span> 
     </span>
     <span class='ocr_line' id='line_1_7' title="bbox 129 638 933 707; baseline 0.004 -17"><span class='ocrx_word' id='word_1_44' title='bbox 129 639 283 692; x_wconf 86' lang='lat' dir='ltr'><strong><em>societatem</em></strong></span> <span class='ocrx_word' id='word_1_45' title='bbox 292 638 419 690; x_wconf 86' lang='lat' dir='ltr'><strong><em>veniatis.-</em></strong></span> <span class='ocrx_word' id='word_1_46' title='bbox 438 639 491 690; x_wconf 86' lang='lat' dir='ltr'><strong><em>sive</em></strong></span> <span class='ocrx_word' id='word_1_47' title='bbox 502 639 644 707; x_wconf 67' lang='lat' dir='ltr'><strong><em>quiescitis,</em></strong></span> <span class='ocrx_word' id='word_1_48' title='bbox 661 639 803 691; x_wconf 85' lang='lat' dir='ltr'><strong><em>transitum</em></strong></span> <span class='ocrx_word' id='word_1_49' title='bbox 813 641 933 693; x_wconf 85' lang='lat' dir='ltr'><strong><em>concedi·</em></strong></span> 
     </span>
     <span class='ocr_line' id='line_1_8' title="bbox 131 705 932 774; baseline 0 -16"><span class='ocrx_word' id='word_1_50' title='bbox 131 718 176 770; x_wconf 89' lang='lat' dir='ltr'><strong><em>te,·</em></strong></span> <span class='ocrx_word' id='word_1_51' title='bbox 185 707 241 774; x_wconf 84' lang='lat' dir='ltr'><strong><em>ipse</em></strong></span> <span class='ocrx_word' id='word_1_52' title='bbox 251 705 429 758; x_wconf 89' lang='lat' dir='ltr'><strong><em>communium</em></strong></span> <span class='ocrx_word' id='word_1_53' title='bbox 438 706 601 757; x_wconf 88' lang='lat' dir='ltr'><strong><em>iniuriarum</em></strong></span> <span class='ocrx_word' id='word_1_54' title='bbox 610 706 718 758; x_wconf 61' lang='lat' dir='ltr'><strong><em>Manates</em></strong></span> <span class='ocrx_word' id='word_1_55' title='bbox 730 708 801 759; x_wconf 85' lang='lat' dir='ltr'><strong><em>ultor</em></strong></span> <span class='ocrx_word' id='word_1_56' title='bbox 811 709 870 760; x_wconf 88' lang='lat' dir='ltr'><strong><em>erit.</em></strong></span> <span class='ocrx_word' id='word_1_57' title='bbox 893 711 932 758; x_wconf 95' lang='grc'><strong><em>11.</em></strong></span> 
     </span>
     <span class='ocr_line' id='line_1_9' title="bbox 130 772 933 842; baseline -0.002 -16"><span class='ocrx_word' id='word_1_58' title='bbox 130 774 222 842; x_wconf 90' lang='lat' dir='ltr'><strong><em>Neque</em></strong></span> <span class='ocrx_word' id='word_1_59' title='bbox 241 774 326 824; x_wconf 88' lang='lat' dir='ltr'><strong><em>minus</em></strong></span> <span class='ocrx_word' id='word_1_60' title='bbox 344 774 382 826; x_wconf 85' lang='lat' dir='ltr'><strong><em>ad</em></strong></span> <span class='ocrx_word' id='word_1_61' title='bbox 399 789 445 824; x_wconf 90' lang='lat' dir='ltr'><strong><em>vos</em></strong></span> <span class='ocrx_word' id='word_1_62' title='bbox 459 772 558 823; x_wconf 82' lang='lat' dir='ltr'><strong><em>redibit</em></strong></span> <span class='ocrx_word' id='word_1_63' title='bbox 575 775 777 824; x_wconf 88' lang='lat' dir='ltr'><strong><em>emolumentum</em></strong></span> <span class='ocrx_word' id='word_1_64' title='bbox 791 775 933 827; x_wconf 86' lang='lat' dir='ltr'><strong><em>victoriae:</em></strong></span> 
     </span>
     <span class='ocr_line' id='line_1_10' title="bbox 126 839 932 911; baseline -0.002 -17"><span class='ocrx_word' id='word_1_65' title='bbox 126 859 234 911; x_wconf 83' lang='lat' dir='ltr'><strong><em>greges,</em></strong></span> <span class='ocrx_word' id='word_1_66' title='bbox 241 849 374 903; x_wconf 85' lang='lat' dir='ltr'><strong><em>armenta,</em></strong></span> <span class='ocrx_word' id='word_1_67' title='bbox 384 839 527 906; x_wconf 77' lang='lat' dir='ltr'><strong><em>anancipia,</em></strong></span> <span class='ocrx_word' id='word_1_68' title='bbox 535 857 601 908; x_wconf 91' lang='lat' dir='ltr'><strong><em>quae</em></strong></span> <span class='ocrx_word' id='word_1_69' title='bbox 612 857 644 892; x_wconf 83' lang='lat' dir='ltr'><strong><em>ex</em></strong></span> <span class='ocrx_word' id='word_1_70' title='bbox 655 841 772 892; x_wconf 86' lang='lat' dir='ltr'><strong><em>bostibus</em></strong></span> <span class='ocrx_word' id='word_1_71' title='bbox 785 841 932 908; x_wconf 71' lang='lat' dir='ltr'><strong><em>capientur,</em></strong></span> 
     </span>
     <span class='ocr_line' id='line_1_11' title="bbox 129 908 933 974; baseline -0.002 -13"><span class='ocrx_word' id='word_1_72' title='bbox 129 909 248 961; x_wconf 83' lang='lat' dir='ltr'><strong><em>maxima</em></strong></span> <span class='ocrx_word' id='word_1_73' title='bbox 258 925 291 960; x_wconf 81' lang='lat' dir='ltr'><strong><em>ex</em></strong></span> <span class='ocrx_word' id='word_1_74' title='bbox 297 916 379 974; x_wconf 87' lang='lat' dir='ltr'><strong><em>parte</em></strong></span> <span class='ocrx_word' id='word_1_75' title='bbox 384 922 466 973; x_wconf 88' lang='lat' dir='ltr'><strong><em>penes</em></strong></span> <span class='ocrx_word' id='word_1_76' title='bbox 475 923 529 968; x_wconf 87' lang='lat' dir='ltr'><strong><em>vos,</em></strong></span> <span class='ocrx_word' id='word_1_77' title='bbox 541 917 573 958; x_wconf 91' lang='lat' dir='ltr'><strong><em>ut</em></strong></span> <span class='ocrx_word' id='word_1_78' title='bbox 579 908 687 972; x_wconf 88' lang='lat' dir='ltr'><strong><em>vicinos,</em></strong></span> <span class='ocrx_word' id='word_1_79' title='bbox 694 918 786 960; x_wconf 82' lang='lat' dir='ltr'><strong><em>erant.-</em></strong></span> <span class='ocrx_word' id='word_1_80' title='bbox 796 908 858 958; x_wconf 89' lang='lat' dir='ltr'><strong><em>inde</em></strong></span> <span class='ocrx_word' id='word_1_81' title='bbox 863 908 933 960; x_wconf 90' lang='lat' dir='ltr'><strong><em>Pbo-</em></strong></span> 
     </span>
     <span class='ocr_line' id='line_1_12' title="bbox 128 973 969 1043; baseline -0.004 -14"><span class='ocrx_word' id='word_1_82' title='bbox 128 976 213 1029; x_wconf 80' lang='lat' dir='ltr'><strong><em>censis</em></strong></span> <span class='ocrx_word' id='word_1_83' title='bbox 230 975 290 1026; x_wconf 85' lang='lat' dir='ltr'><strong><em>beili</em></strong></span> <span class='ocrx_word' id='word_1_84' title='bbox 302 975 399 1025; x_wconf 88' lang='lat' dir='ltr'><strong><em>damna</em></strong></span> <span class='ocrx_word' id='word_1_85' title='bbox 413 973 542 1025; x_wconf 85' lang='lat' dir='ltr'><strong><em>sarciets&#39;s.</em></strong></span> <span class='ocrx_word' id='word_1_86' title='bbox 579 979 618 1026; x_wconf 78' lang='lat'><strong><em>12.</em></strong></span> <span class='ocrx_word' id='word_1_87' title='bbox 638 974 673 1027; x_wconf 85' lang='lat' dir='ltr'><strong><em>Id</em></strong></span> <span class='ocrx_word' id='word_1_88' title='bbox 684 976 772 1043; x_wconf 79' lang='lat' dir='ltr'><strong><em>magis</em></strong></span> <span class='ocrx_word' id='word_1_89' title='bbox 785 992 818 1026; x_wconf 84' lang='lat' dir='ltr'><strong><em>ex</em></strong></span> <span class='ocrx_word' id='word_1_90' title='bbox 833 991 883 1027; x_wconf 86' lang='lat' dir='ltr'><strong><em>usu</em></strong></span> <span class='ocrx_word' id='word_1_91' title='bbox 893 993 933 1027; x_wconf 91' lang='lat' dir='ltr'><strong><em>ve·</em></strong></span> <span class='ocrx_word' id='word_1_92' title='bbox 965 993 969 1002; x_wconf 70' lang='lat'>⁴</span> 
     </span>
     <span class='ocr_line' id='line_1_13' title="bbox 129 1042 932 1122; baseline -0.002 -28"><span class='ocrx_word' id='word_1_93' title='bbox 129 1053 187 1094; x_wconf 88' lang='lat' dir='ltr'><strong><em>stro</em></strong></span> <span class='ocrx_word' id='word_1_94' title='bbox 197 1043 240 1104; x_wconf 90' lang='lat' dir='ltr'><strong><em>sit,</em></strong></span> <span class='ocrx_word' id='word_1_95' title='bbox 253 1058 288 1092; x_wconf 90' lang='lat' dir='ltr'><strong><em>an</em></strong></span> <span class='ocrx_word' id='word_1_96' title='bbox 298 1050 397 1093; x_wconf 86' lang='lat' dir='ltr'><strong><em>vestros</em></strong></span> <span class='ocrx_word' id='word_1_97' title='bbox 408 1058 489 1110; x_wconf 83' lang='lat' dir='ltr'><strong><em>agros</em></strong></span> <span class='ocrx_word' id='word_1_98' title='bbox 499 1042 544 1093; x_wconf 89' lang='lat' dir='ltr'><strong><em>uri</em></strong></span> <span class='ocrx_word' id='word_1_99' title='bbox 549 1079 555 1102; x_wconf 90' lang='lat'><strong><em>,</em></strong></span> <span class='ocrx_word' id='word_1_100' title='bbox 567 1052 655 1094; x_wconf 79' lang='lat' dir='ltr'><strong><em>vestm</em></strong></span> <span class='ocrx_word' id='word_1_101' title='bbox 666 1043 763 1122; x_wconf 83' lang='lat' dir='ltr'><strong><em>oppida</em></strong></span> <span class='ocrx_word' id='word_1_102' title='bbox 773 1044 932 1112; x_wconf 72' lang='lat' dir='ltr'><strong><em>expugnari,</em></strong></span> 
     </span>
     <span class='ocr_line' id='line_1_14' title="bbox 128 1109 936 1180; baseline 0 -20"><span class='ocrx_word' id='word_1_103' title='bbox 128 1109 248 1172; x_wconf 83' lang='lat' dir='ltr'><strong><em>incendi,</em></strong></span> <span class='ocrx_word' id='word_1_104' title='bbox 263 1109 354 1176; x_wconf 80' lang='lat' dir='ltr'><strong><em>diripi,</em></strong></span> <span class='ocrx_word' id='word_1_105' title='bbox 375 1119 475 1160; x_wconf 90' lang='lat' dir='ltr'><strong><em>vestras</em></strong></span> <span class='ocrx_word' id='word_1_106' title='bbox 487 1109 597 1177; x_wconf 81' lang='lat' dir='ltr'><strong><em>deniqne</em></strong></span> <span class='ocrx_word' id='word_1_107' title='bbox 607 1127 648 1162; x_wconf 88' lang='lat' dir='ltr'><strong><em>res</em></strong></span> <span class='ocrx_word' id='word_1_108' title='bbox 659 1127 707 1178; x_wconf 85' lang='lat' dir='ltr'><strong><em>agr</em></strong></span> <span class='ocrx_word' id='word_1_109' title='bbox 709 1111 846 1180; x_wconf 87' lang='lat' dir='ltr'><strong><em>ferrique,</em></strong></span> <span class='ocrx_word' id='word_1_110' title='bbox 864 1111 936 1178; x_wconf 90' lang='lat' dir='ltr'><strong><em>quod</em></strong></span> 
     </span>
     <span class='ocr_line' id='line_1_15' title="bbox 129 1176 934 1244; baseline -0.002 -15"><span class='ocrx_word' id='word_1_111' title='bbox 129 1177 303 1229; x_wconf 80' lang='lat' dir='ltr'><strong><em>Atbens&#39;euses</em></strong></span> <span class='ocrx_word' id='word_1_112' title='bbox 317 1184 419 1244; x_wconf 87' lang='lat' dir='ltr'><strong><em>optant,</em></strong></span> <span class='ocrx_word' id='word_1_113' title='bbox 436 1177 582 1244; x_wconf 80' lang='lat' dir='ltr'><strong><em>expendite.</em></strong></span> <span class='ocrx_word' id='word_1_114' title='bbox 618 1176 688 1229; x_wconf 88' lang='lat' dir='ltr'><strong><em>Nam</em></strong></span> <span class='ocrx_word' id='word_1_115' title='bbox 697 1179 829 1230; x_wconf 86' lang='lat' dir='ltr'><strong><em>iracunda</em></strong></span> <span class='ocrx_word' id='word_1_116' title='bbox 839 1195 880 1230; x_wconf 87' lang='lat' dir='ltr'><strong><em>res</em></strong></span> <span class='ocrx_word' id='word_1_117' title='bbox 895 1186 934 1229; x_wconf 90' lang='lat' dir='ltr'><strong><em>est</em></strong></span> 
     </span>
     <span class='ocr_line' id='line_1_16' title="bbox 127 1245 932 1313; baseline -0.002 -16"><span class='ocrx_word' id='word_1_118' title='bbox 127 1253 261 1313; x_wconf 85' lang='lat' dir='ltr'><strong><em>suspectus</em></strong></span> <span class='ocrx_word' id='word_1_119' title='bbox 270 1245 402 1296; x_wconf 87' lang='lat' dir='ltr'><strong><em>immerito</em></strong></span> <span class='ocrx_word' id='word_1_120' title='bbox 414 1245 528 1306; x_wconf 86' lang='lat' dir='ltr'><strong><em>candor,</em></strong></span> <span class='ocrx_word' id='word_1_121' title='bbox 545 1261 647 1312; x_wconf 90' lang='lat' dir='ltr'><strong><em>quoque</em></strong></span> <span class='ocrx_word' id='word_1_122' title='bbox 653 1246 769 1313; x_wconf 89' lang='lat' dir='ltr'><strong><em>pronior</em></strong></span> <span class='ocrx_word' id='word_1_123' title='bbox 780 1247 932 1297; x_wconf 81' lang='lat' dir='ltr'><strong><em>benevolen-</em></strong></span> 
     </span>
     <span class='ocr_line' id='line_1_17' title="bbox 128 1311 930 1383; baseline 0 -20"><span class='ocrx_word' id='word_1_124' title='bbox 128 1311 271 1383; x_wconf 84' lang='lat' dir='ltr'><strong><em>tiafisers’t,</em></strong></span> <span class='ocrx_word' id='word_1_125' title='bbox 284 1311 435 1363; x_wconf 73' lang='lat' dir='ltr'><strong><em>acrioribus</em></strong></span> <span class='ocrx_word' id='word_1_126' title='bbox 443 1311 554 1364; x_wconf 80' lang='lat' dir='ltr'><strong><em>stimulis</em></strong></span> <span class='ocrx_word' id='word_1_127' title='bbox 564 1313 593 1364; x_wconf 85' lang='lat' dir='ltr'><strong><em>iu</em></strong></span> <span class='ocrx_word' id='word_1_128' title='bbox 604 1313 748 1364; x_wconf 84' lang='lat' dir='ltr'><strong><em>vindictam</em></strong></span> <span class='ocrx_word' id='word_1_129' title='bbox 758 1314 860 1380; x_wconf 81' lang='lat' dir='ltr'><strong><em>agitur.</em></strong></span> <span class='ocrx_word' id='word_1_130' title='bbox 891 1314 930 1364; x_wconf 80' lang='lat'><strong><em>13.</em></strong></span> 
     </span>
     <span class='ocr_line' id='line_1_18' title="bbox 130 1379 931 1450; baseline -0.001 -19"><span class='ocrx_word' id='word_1_131' title='bbox 130 1379 254 1432; x_wconf 79' lang='lat' dir='ltr'><strong><em>Ceterum</em></strong></span> <span class='ocrx_word' id='word_1_132' title='bbox 263 1380 329 1431; x_wconf 89' lang='lat' dir='ltr'><strong><em>baec</em></strong></span> <span class='ocrx_word' id='word_1_133' title='bbox 339 1379 378 1429; x_wconf 89' lang='lat' dir='ltr'><strong><em>ita</em></strong></span> <span class='ocrx_word' id='word_1_134' title='bbox 388 1379 487 1448; x_wconf 86' lang='lat' dir='ltr'><strong><em>refero,</em></strong></span> <span class='ocrx_word' id='word_1_135' title='bbox 500 1395 554 1430; x_wconf 87' lang='lat' dir='ltr'><strong><em>non</em></strong></span> <span class='ocrx_word' id='word_1_136' title='bbox 565 1397 616 1447; x_wconf 89' lang='lat' dir='ltr'><strong><em>quo</em></strong></span> <span class='ocrx_word' id='word_1_137' title='bbox 626 1381 698 1432; x_wconf 89' lang='lat' dir='ltr'><strong><em>vobis</em></strong></span> <span class='ocrx_word' id='word_1_138' title='bbox 707 1380 931 1450; x_wconf 82' lang='lat' dir='ltr'><strong><em>ingratitudinem</em></strong></span> 
     </span>
     <span class='ocr_line' id='line_1_19' title="bbox 127 1445 932 1564; baseline -0.002 -65"><span class='ocrx_word' id='word_1_139' title='bbox 127 1448 292 1516; x_wconf 75' lang='lat' dir='ltr'><strong><em>etprobrem,</em></strong></span> <span class='ocrx_word' id='word_1_140' title='bbox 306 1447 337 1498; x_wconf 91' lang='lat' dir='ltr'><strong><em>de</em></strong></span> <span class='ocrx_word' id='word_1_141' title='bbox 342 1462 400 1564; x_wconf 75' lang='lat' dir='ltr'><strong><em>qua</em></strong></span> <span class='ocrx_word' id='word_1_142' title='bbox 411 1445 479 1498; x_wconf 85' lang='lat' dir='ltr'><strong><em>nibil</em></strong></span> <span class='ocrx_word' id='word_1_143' title='bbox 487 1463 597 1510; x_wconf 87' lang='lat' dir='ltr'><strong><em>vereor;</em></strong></span> <span class='ocrx_word' id='word_1_144' title='bbox 611 1464 659 1499; x_wconf 86' lang='lat' dir='ltr'><strong><em>nec</em></strong></span> <span class='ocrx_word' id='word_1_145' title='bbox 671 1457 703 1499; x_wconf 90' lang='lat' dir='ltr'><strong><em>ut</em></strong></span> <span class='ocrx_word' id='word_1_146' title='bbox 703 1448 883 1518; x_wconf 83' lang='lat' dir='ltr'><strong><em>formidinem</em></strong></span> <span class='ocrx_word' id='word_1_147' title='bbox 891 1448 932 1498; x_wconf 90' lang='lat' dir='ltr'><strong><em>s&#39;n-</em></strong></span> 
     </span>
     <span class='ocr_line' id='line_1_20' title="bbox 129 1513 932 1582; baseline -0.002 -15"><span class='ocrx_word' id='word_1_148' title='bbox 129 1515 238 1578; x_wconf 84' lang='lat' dir='ltr'><strong><em>cutiam,</em></strong></span> <span class='ocrx_word' id='word_1_149' title='bbox 250 1531 302 1582; x_wconf 92' lang='lat' dir='ltr'><strong><em>qua</em></strong></span> <span class='ocrx_word' id='word_1_150' title='bbox 312 1514 342 1564; x_wconf 91' lang='lat' dir='ltr'><strong><em>ni</em></strong></span> <span class='ocrx_word' id='word_1_151' title='bbox 360 1515 381 1565; x_wconf 82' lang='lat' dir='ltr'><strong><em>tt</em></strong></span> <span class='ocrx_word' id='word_1_152' title='bbox 390 1513 587 1582; x_wconf 81' lang='lat' dir='ltr'><strong><em>opttsfuturum</em></strong></span> <span class='ocrx_word' id='word_1_153' title='bbox 597 1514 733 1566; x_wconf 81' lang='lat' dir='ltr'><strong><em>existima:</em></strong></span> <span class='ocrx_word' id='word_1_154' title='bbox 742 1517 789 1567; x_wconf 88' lang='lat' dir='ltr'><strong><em>scd</em></strong></span> <span class='ocrx_word' id='word_1_155' title='bbox 796 1515 932 1582; x_wconf 78' lang='lat' dir='ltr'><strong><em>uths&#39;bp-</em></strong></span> 
     </span>
     <span class='ocr_line' id='line_1_21' title="bbox 122 1581 932 1652; baseline 0.001 -20"><span class='ocrx_word' id='word_1_156' title='bbox 122 1583 156 1650; x_wconf 91' lang='lat' dir='ltr'><strong><em>pi</em></strong></span> <span class='ocrx_word' id='word_1_157' title='bbox 165 1583 195 1632; x_wconf 91' lang='lat' dir='ltr'><strong><em>in</em></strong></span> <span class='ocrx_word' id='word_1_158' title='bbox 204 1597 249 1632; x_wconf 85' lang='lat' dir='ltr'><strong><em>vas</em></strong></span> <span class='ocrx_word' id='word_1_159' title='bbox 258 1581 398 1650; x_wconf 78' lang='lat' dir='ltr'><strong><em>beneficia,</em></strong></span> <span class='ocrx_word' id='word_1_160' title='bbox 421 1581 789 1645; x_wconf 84' lang='lat' dir='ltr'><strong><em>etvicissiminiblumvestra,</em></strong></span> <span class='ocrx_word' id='word_1_161' title='bbox 809 1583 932 1652; x_wconf 72' lang='lat' dir='ltr'><strong><em>cogitan-</em></strong></span> 
     </span>
     <span class='ocr_line' id='line_1_22' title="bbox 128 1648 933 1718; baseline -0.001 -18"><span class='ocrx_word' id='word_1_162' title='bbox 128 1660 175 1707; x_wconf 89' lang='lat' dir='ltr'><strong><em>tes,</em></strong></span> <span class='ocrx_word' id='word_1_163' title='bbox 188 1648 392 1709; x_wconf 88' lang='lat' dir='ltr'><strong><em>admoneamini,</em></strong></span> <span class='ocrx_word' id='word_1_164' title='bbox 406 1664 438 1698; x_wconf 88' lang='lat' dir='ltr'><strong><em>ca</em></strong></span> <span class='ocrx_word' id='word_1_165' title='bbox 448 1648 638 1716; x_wconf 83' lang='lat' dir='ltr'><strong><em>demumfirmo</em></strong></span> <span class='ocrx_word' id='word_1_166' title='bbox 647 1658 727 1718; x_wconf 90' lang='lat' dir='ltr'><strong><em>atque</em></strong></span> <span class='ocrx_word' id='word_1_167' title='bbox 735 1660 864 1718; x_wconf 88' lang='lat' dir='ltr'><strong><em>perpetua</em></strong></span> <span class='ocrx_word' id='word_1_168' title='bbox 879 1666 933 1701; x_wconf 86' lang='lat' dir='ltr'><strong><em>esse</em></strong></span> 
     </span>
    </p>
   </div>
   <div class='ocr_carea' id='block_1_4' title="bbox 120 1713 934 1831">
    <p class='ocr_par' dir='ltr' id='par_1_4' title="bbox 120 1713 934 1831">
     <span class='ocr_line' id='line_1_23' title="bbox 120 1713 934 1831; baseline -0.002 -64"><span class='ocrx_word' id='word_1_169' title='bbox 120 1717 248 1788; x_wconf 87' lang='lat' dir='ltr'><strong><em>foedera,</em></strong></span> <span class='ocrx_word' id='word_1_170' title='bbox 264 1731 331 1781; x_wconf 90' lang='lat' dir='ltr'><strong><em>quae</em></strong></span> <span class='ocrx_word' id='word_1_171' title='bbox 341 1713 444 1766; x_wconf 87' lang='lat' dir='ltr'><strong><em>servari</em></strong></span> <span class='ocrx_word' id='word_1_172' title='bbox 458 1715 595 1831; x_wconf 79' lang='lat' dir='ltr'><strong><em>utriusque</em></strong></span> <span class='ocrx_word' id='word_1_173' title='bbox 608 1717 723 1767; x_wconf 86' lang='lat' dir='ltr'><strong><em>intersit.</em></strong></span> <span class='ocrx_word' id='word_1_174' title='bbox 761 1719 801 1766; x_wconf 83' lang='grc'><strong><em>14.</em></strong></span> <span class='ocrx_word' id='word_1_175' title='bbox 823 1715 934 1779; x_wconf 84' lang='lat' dir='ltr'><strong><em>Quodsi</em></strong></span> 
     </span>
    </p>
   </div>
   <div class='ocr_carea' id='block_1_5' title="bbox 52 1779 934 2793">
    <p class='ocr_par' dir='ltr' id='par_1_5' title="bbox 52 1779 934 2793">
     <span class='ocr_line' id='line_1_24' title="bbox 126 1779 934 1844; baseline -0.005 -8"><span class='ocrx_word' id='word_1_176' title='bbox 126 1783 234 1835; x_wconf 88' lang='lat' dir='ltr'><strong><em>maiora</em></strong></span> <span class='ocrx_word' id='word_1_177' title='bbox 243 1781 384 1832; x_wconf 82' lang='lat' dir='ltr'><strong><em>suntiliius</em></strong></span> <span class='ocrx_word' id='word_1_178' title='bbox 395 1779 500 1842; x_wconf 88' lang='lat' dir='ltr'><strong><em>merita,</em></strong></span> <span class='ocrx_word' id='word_1_179' title='bbox 514 1796 546 1832; x_wconf 93' lang='lat' dir='ltr'><strong><em>vo</em></strong></span> <span class='ocrx_word' id='word_1_180' title='bbox 564 1781 587 1831; x_wconf 91' lang='lat' dir='ltr'><strong><em>is</em></strong></span> <span class='ocrx_word' id='word_1_181' title='bbox 595 1799 676 1833; x_wconf 88' lang='lat' dir='ltr'><strong><em>curae</em></strong></span> <span class='ocrx_word' id='word_1_182' title='bbox 686 1783 745 1844; x_wconf 90' lang='lat' dir='ltr'><strong><em>erit,</em></strong></span> <span class='ocrx_word' id='word_1_183' title='bbox 763 1792 795 1833; x_wconf 90' lang='lat' dir='ltr'><strong><em>ut</em></strong></span> <span class='ocrx_word' id='word_1_184' title='bbox 803 1792 894 1833; x_wconf 83' lang='lat' dir='ltr'><strong><em>rnsstuo</em></strong></span> <span class='ocrx_word' id='word_1_185' title='bbox 905 1783 934 1833; x_wconf 88' lang='lat' dir='ltr'><strong><em>in</em></strong></span> 
     </span>
     <span class='ocr_line' id='line_1_25' title="bbox 126 1846 932 1916; baseline -0.002 -14"><span class='ocrx_word' id='word_1_186' title='bbox 126 1852 200 1902; x_wconf 80' lang='lat' dir='ltr'><strong><em>illurn</em></strong></span> <span class='ocrx_word' id='word_1_187' title='bbox 210 1850 299 1902; x_wconf 88' lang='lat' dir='ltr'><strong><em>animo</em></strong></span> <span class='ocrx_word' id='word_1_188' title='bbox 309 1849 381 1900; x_wconf 90' lang='lat' dir='ltr'><strong><em>sitis:</em></strong></span> <span class='ocrx_word' id='word_1_189' title='bbox 391 1848 434 1899; x_wconf 83' lang='lat' dir='ltr'><strong><em>iile</em></strong></span> <span class='ocrx_word' id='word_1_190' title='bbox 444 1846 587 1899; x_wconf 67' lang='lat' dir='ltr'><strong><em>mammam</em></strong></span> <span class='ocrx_word' id='word_1_191' title='bbox 600 1849 876 1916; x_wconf 85' lang='lat' dir='ltr'><strong><em>laborumpraemium</em></strong></span> <span class='ocrx_word' id='word_1_192' title='bbox 883 1865 932 1915; x_wconf 81' lang='lat' dir='ltr'><strong><em>pu-</em></strong></span> 
     </span>
     <span class='ocr_line' id='line_1_26' title="bbox 128 1914 933 1994; baseline -0.002 -25"><span class='ocrx_word' id='word_1_193' title='bbox 128 1927 177 1980; x_wconf 91' lang='lat' dir='ltr'><strong><em>tat,</em></strong></span> <span class='ocrx_word' id='word_1_194' title='bbox 192 1917 340 1969; x_wconf 74' lang='lat' dir='ltr'><strong><em>subvenisse</em></strong></span> <span class='ocrx_word' id='word_1_195' title='bbox 352 1914 495 1978; x_wconf 76' lang='lat' dir='ltr'><strong><em>Graeciae,</em></strong></span> <span class='ocrx_word' id='word_1_196' title='bbox 508 1931 564 1994; x_wconf 88' lang='lat' dir='ltr'><strong><em>pro</em></strong></span> <span class='ocrx_word' id='word_1_197' title='bbox 575 1916 649 1968; x_wconf 88' lang='lat' dir='ltr'><strong><em>cuius</em></strong></span> <span class='ocrx_word' id='word_1_198' title='bbox 659 1918 744 1968; x_wconf 88' lang='lat' dir='ltr'><strong><em>salute</em></strong></span> <span class='ocrx_word' id='word_1_199' title='bbox 755 1925 835 1985; x_wconf 83' lang='lat' dir='ltr'><strong><em>atque</em></strong></span> <span class='ocrx_word' id='word_1_200' title='bbox 846 1917 933 1984; x_wconf 78' lang='lat' dir='ltr'><strong><em>digni-</em></strong></span> 
     </span>
     <span class='ocr_line' id='line_1_27' title="bbox 128 1981 931 2066; baseline -0.001 -30"><span class='ocrx_word' id='word_1_201' title='bbox 128 1995 183 2037; x_wconf 84' lang='lat' dir='ltr'><strong><em>tate</em></strong></span> <span class='ocrx_word' id='word_1_202' title='bbox 189 1994 322 2053; x_wconf 88' lang='lat' dir='ltr'><strong><em>perpetua</em></strong></span> <span class='ocrx_word' id='word_1_203' title='bbox 332 2000 391 2036; x_wconf 90' lang='lat' dir='ltr'><strong><em>cum</em></strong></span> <span class='ocrx_word' id='word_1_204' title='bbox 402 1981 525 2035; x_wconf 75' lang='lat' dir='ltr'><strong><em>barbares</em></strong></span> <span class='ocrx_word' id='word_1_205' title='bbox 536 1981 602 2036; x_wconf 83' lang='lat' dir='ltr'><strong><em>bella</em></strong></span> <span class='ocrx_word' id='word_1_206' title='bbox 609 1983 690 2054; x_wconf 80' lang='lat' dir='ltr'><strong><em>gerit.</em></strong></span> <span class='ocrx_word' id='word_1_207' title='bbox 727 1985 766 2036; x_wconf 82' lang='lat'><strong><em>15.</em></strong></span> <span class='ocrx_word' id='word_1_208' title='bbox 780 1985 869 2066; x_wconf 79' lang='lat' dir='ltr'><strong><em>Atque</em></strong></span> <span class='ocrx_word' id='word_1_209' title='bbox 879 1985 931 2035; x_wconf 83' lang='lat' dir='ltr'><strong><em>uti-</em></strong></span> 
     </span>
     <span class='ocr_line' id='line_1_28' title="bbox 127 2050 931 2122; baseline -0.001 -18"><span class='ocrx_word' id='word_1_210' title='bbox 127 2069 188 2104; x_wconf 89' lang='lat' dir='ltr'><strong><em>rsam</em></strong></span> <span class='ocrx_word' id='word_1_211' title='bbox 201 2053 275 2103; x_wconf 86' lang='lat' dir='ltr'><strong><em>illum</em></strong></span> <span class='ocrx_word' id='word_1_212' title='bbox 287 2050 489 2103; x_wconf 76' lang='lat' dir='ltr'><strong><em>Atheniensium</em></strong></span> <span class='ocrx_word' id='word_1_213' title='bbox 495 2050 584 2121; x_wconf 84' lang='lat' dir='ltr'><strong><em>furor</em></strong></span> <span class='ocrx_word' id='word_1_214' title='bbox 602 2052 769 2122; x_wconf 83' lang='lat' dir='ltr'><strong><em>ingeniosae</em></strong></span> <span class='ocrx_word' id='word_1_215' title='bbox 785 2060 826 2104; x_wconf 83' lang='lat' dir='ltr'><strong><em>uts</em></strong></span> <span class='ocrx_word' id='word_1_216' title='bbox 835 2067 931 2118; x_wconf 89' lang='lat' dir='ltr'><strong><em>passus</em></strong></span> 
     </span>
     <span class='ocr_line' id='line_1_29' title="bbox 52 2118 931 2188; baseline -0.001 -15"><span class='ocrx_word' id='word_1_217' title='bbox 52 2171 56 2178; x_wconf 89' lang='grc'><em>,</em></span> <span class='ocrx_word' id='word_1_218' title='bbox 124 2129 205 2172; x_wconf 81' lang='lat' dir='ltr'><strong><em>esset.-</em></strong></span> <span class='ocrx_word' id='word_1_219' title='bbox 213 2120 269 2170; x_wconf 90' lang='lat' dir='ltr'><strong><em>iam</em></strong></span> <span class='ocrx_word' id='word_1_220' title='bbox 277 2118 307 2170; x_wconf 91' lang='lat' dir='ltr'><strong><em>in</em></strong></span> <span class='ocrx_word' id='word_1_221' title='bbox 317 2118 382 2170; x_wconf 80' lang='lat' dir='ltr'><strong><em>Asia</em></strong></span> <span class='ocrx_word' id='word_1_222' title='bbox 392 2118 520 2171; x_wconf 86' lang='lat' dir='ltr'><strong><em>audiretis</em></strong></span> <span class='ocrx_word' id='word_1_223' title='bbox 531 2135 608 2171; x_wconf 88' lang='lat' dir='ltr'><strong><em>arma</em></strong></span> <span class='ocrx_word' id='word_1_224' title='bbox 616 2120 698 2188; x_wconf 89' lang='lat' dir='ltr'><strong><em>ipsius</em></strong></span> <span class='ocrx_word' id='word_1_225' title='bbox 709 2136 772 2183; x_wconf 87' lang='lat' dir='ltr'><strong><em>esse,</em></strong></span> <span class='ocrx_word' id='word_1_226' title='bbox 802 2137 851 2171; x_wconf 88' lang='lat' dir='ltr'><strong><em>uae</em></strong></span> <span class='ocrx_word' id='word_1_227' title='bbox 861 2137 931 2172; x_wconf 90' lang='lat' dir='ltr'><strong><em>nunc</em></strong></span> 
     </span>
     <span class='ocr_line' id='line_1_30' title="bbox 125 2185 931 2254; baseline 0.001 -15"><span class='ocrx_word' id='word_1_228' title='bbox 125 2185 470 2253; x_wconf 87' lang='lat' dir='ltr'><strong><em>coercendiss&#39;mproborum</em></strong></span> <span class='ocrx_word' id='word_1_229' title='bbox 479 2187 601 2250; x_wconf 87' lang='lat' dir='ltr'><strong><em>motibus,</em></strong></span> <span class='ocrx_word' id='word_1_230' title='bbox 620 2186 776 2254; x_wconf 86' lang='lat' dir='ltr'><strong><em>invitusper</em></strong></span> <span class='ocrx_word' id='word_1_231' title='bbox 828 2189 931 2240; x_wconf 88' lang='lat' dir='ltr'><strong><em>aeciam</em></strong></span> 
     </span>
     <span class='ocr_line' id='line_1_31' title="bbox 125 2253 930 2374; baseline 0.001 -67"><span class='ocrx_word' id='word_1_232' title='bbox 125 2254 300 2374; x_wconf 64' lang='lat' dir='ltr'><strong><em>circunq‘erre</em></strong></span> <span class='ocrx_word' id='word_1_233' title='bbox 310 2253 426 2322; x_wconf 79' lang='lat' dir='ltr'><strong><em>cogitur.</em></strong></span> <span class='ocrx_word' id='word_1_234' title='bbox 451 2255 491 2305; x_wconf 85' lang='lat' dir='ltr'><strong><em>lb.</em></strong></span> <span class='ocrx_word' id='word_1_235' title='bbox 503 2254 617 2306; x_wconf 86' lang='lat' dir='ltr'><strong><em>Poterat</em></strong></span> <span class='ocrx_word' id='word_1_236' title='bbox 627 2253 730 2335; x_wconf 87' lang='lat' dir='ltr'><strong><em>quidem</em></strong></span> <span class='ocrx_word' id='word_1_237' title='bbox 743 2255 834 2308; x_wconf 87' lang='lat' dir='ltr'><strong><em>amicis</em></strong></span> <span class='ocrx_word' id='word_1_238' title='bbox 844 2256 930 2308; x_wconf 80' lang='lat' dir='ltr'><strong><em>Atbe-</em></strong></span> 
     </span>
     <span class='ocr_line' id='line_1_32' title="bbox 125 2319 928 2392; baseline 0 -19"><span class='ocrx_word' id='word_1_239' title='bbox 125 2322 211 2374; x_wconf 87' lang='lat' dir='ltr'><strong><em>niensi</em></strong></span> <span class='ocrx_word' id='word_1_240' title='bbox 229 2338 259 2373; x_wconf 92' lang='lat' dir='ltr'><strong><em>us</em></strong></span> <span class='ocrx_word' id='word_1_241' title='bbox 268 2321 317 2383; x_wconf 89' lang='lat' dir='ltr'><strong><em>uti,</em></strong></span> <span class='ocrx_word' id='word_1_242' title='bbox 334 2319 386 2373; x_wconf 85' lang='lat' dir='ltr'><strong><em>nisi</em></strong></span> <span class='ocrx_word' id='word_1_243' title='bbox 393 2321 456 2372; x_wconf 88' lang='lat' dir='ltr'><strong><em>baic</em></strong></span> <span class='ocrx_word' id='word_1_244' title='bbox 465 2319 651 2383; x_wconf 88' lang='lat' dir='ltr'><strong><em>Demostbens,</em></strong></span> <span class='ocrx_word' id='word_1_245' title='bbox 663 2329 743 2389; x_wconf 85' lang='lat' dir='ltr'><strong><em>atque</em></strong></span> <span class='ocrx_word' id='word_1_246' title='bbox 753 2323 812 2375; x_wconf 86' lang='lat' dir='ltr'><strong><em>aliis</em></strong></span> <span class='ocrx_word' id='word_1_247' title='bbox 823 2325 928 2392; x_wconf 88' lang='lat' dir='ltr'><strong><em>quibus·</em></strong></span> 
     </span>
     <span class='ocr_line' id='line_1_33' title="bbox 125 2388 930 2457; baseline -0.001 -17"><span class='ocrx_word' id='word_1_248' title='bbox 125 2390 194 2453; x_wconf 89' lang='lat' dir='ltr'><strong><em>dans,</em></strong></span> <span class='ocrx_word' id='word_1_249' title='bbox 206 2389 253 2457; x_wconf 90' lang='lat' dir='ltr'><strong><em>qui</em></strong></span> <span class='ocrx_word' id='word_1_250' title='bbox 261 2388 413 2456; x_wconf 88' lang='lat' dir='ltr'><strong><em>imperitam</em></strong></span> <span class='ocrx_word' id='word_1_251' title='bbox 426 2388 632 2452; x_wconf 82' lang='lat' dir='ltr'><strong><em>multitudinem,</em></strong></span> <span class='ocrx_word' id='word_1_252' title='bbox 645 2397 677 2440; x_wconf 91' lang='lat' dir='ltr'><strong><em>ut</em></strong></span> <span class='ocrx_word' id='word_1_253' title='bbox 686 2391 832 2457; x_wconf 70' lang='lat' dir='ltr'><strong><em>expositum</em></strong></span> <span class='ocrx_word' id='word_1_254' title='bbox 845 2390 930 2442; x_wconf 68' lang='lat' dir='ltr'><strong><em>ventu</em></strong></span> 
     </span>
     <span class='ocr_line' id='line_1_34' title="bbox 126 2454 929 2526; baseline 0 -20"><span class='ocrx_word' id='word_1_255' title='bbox 126 2472 207 2518; x_wconf 89' lang='lat' dir='ltr'><strong><em>mare,</em></strong></span> <span class='ocrx_word' id='word_1_256' title='bbox 219 2454 372 2508; x_wconf 87' lang='lat' dir='ltr'><strong><em>orationum</em></strong></span> <span class='ocrx_word' id='word_1_257' title='bbox 382 2471 492 2508; x_wconf 86' lang='lat' dir='ltr'><strong><em>suarum</em></strong></span> <span class='ocrx_word' id='word_1_258' title='bbox 502 2473 583 2519; x_wconf 91' lang='lat' dir='ltr'><strong><em>aura,</em></strong></span> <span class='ocrx_word' id='word_1_259' title='bbox 606 2473 657 2524; x_wconf 89' lang='lat' dir='ltr'><strong><em>quo</em></strong></span> <span class='ocrx_word' id='word_1_260' title='bbox 672 2459 771 2520; x_wconf 82' lang='lat' dir='ltr'><strong><em>volunt,</em></strong></span> <span class='ocrx_word' id='word_1_261' title='bbox 782 2457 929 2526; x_wconf 82' lang='lat' dir='ltr'><strong><em>impellunt,</em></strong></span> 
     </span>
     <span class='ocr_line' id='line_1_35' title="bbox 126 2521 929 2592; baseline -0.001 -18"><span class='ocrx_word' id='word_1_262' title='bbox 126 2524 280 2592; x_wconf 81' lang='lat' dir='ltr'><strong><em>vectigalem</em></strong></span> <span class='ocrx_word' id='word_1_263' title='bbox 290 2521 417 2592; x_wconf 56' lang='lat' dir='ltr'><strong><em>vesanire</em></strong></span> <span class='ocrx_word' id='word_1_264' title='bbox 426 2523 484 2574; x_wconf 87' lang='lat' dir='ltr'><strong><em>indi</em></strong></span> <span class='ocrx_word' id='word_1_265' title='bbox 522 2539 577 2584; x_wconf 91' lang='lat' dir='ltr'><strong><em>um,</em></strong></span> <span class='ocrx_word' id='word_1_266' title='bbox 592 2539 693 2592; x_wconf 89' lang='lat' dir='ltr'><strong><em>usuque</em></strong></span> <span class='ocrx_word' id='word_1_267' title='bbox 706 2527 858 2591; x_wconf 78' lang='lat' dir='ltr'><strong><em>etenemplo</em></strong></span> <span class='ocrx_word' id='word_1_268' title='bbox 864 2523 929 2592; x_wconf 86' lang='lat' dir='ltr'><strong><em>foe·</em></strong></span> 
     </span>
     <span class='ocr_line' id='line_1_36' title="bbox 126 2588 932 2659; baseline -0.002 -18"><span class='ocrx_word' id='word_1_269' title='bbox 126 2591 188 2642; x_wconf 84' lang='lat' dir='ltr'><strong><em>daus</em></strong></span> <span class='ocrx_word' id='word_1_270' title='bbox 203 2591 385 2643; x_wconf 84' lang='lat' dir='ltr'><strong><em>existimasset.</em></strong></span> <span class='ocrx_word' id='word_1_271' title='bbox 421 2593 462 2641; x_wconf 82' lang='lat' dir='ltr'><strong><em>tr.</em></strong></span> <span class='ocrx_word' id='word_1_272' title='bbox 510 2590 587 2657; x_wconf 90' lang='lat' dir='ltr'><strong><em>uippe</em></strong></span> <span class='ocrx_word' id='word_1_273' title='bbox 599 2591 624 2642; x_wconf 89' lang='lat' dir='ltr'><strong><em>si</em></strong></span> <span class='ocrx_word' id='word_1_274' title='bbox 637 2593 710 2659; x_wconf 89' lang='lat' dir='ltr'><strong><em>apud</em></strong></span> <span class='ocrx_word' id='word_1_275' title='bbox 721 2592 779 2642; x_wconf 81' lang='lat' dir='ltr'><strong><em>illos</em></strong></span> <span class='ocrx_word' id='word_1_276' title='bbox 796 2588 932 2642; x_wconf 84' lang='lat' dir='ltr'><strong><em>bonestats&#39;</em></strong></span> 
     </span>
     <span class='ocr_line' id='line_1_37' title="bbox 120 2656 931 2727; baseline -0.007 -17"><span class='ocrx_word' id='word_1_277' title='bbox 120 2658 240 2726; x_wconf 83' lang='lat' dir='ltr'><strong><em>pretium</em></strong></span> <span class='ocrx_word' id='word_1_278' title='bbox 255 2667 332 2720; x_wconf 90' lang='lat' dir='ltr'><strong><em>esset,</em></strong></span> <span class='ocrx_word' id='word_1_279' title='bbox 345 2657 470 2727; x_wconf 80' lang='lat' dir='ltr'><strong><em>gratuito</em></strong></span> <span class='ocrx_word' id='word_1_280' title='bbox 485 2656 660 2726; x_wconf 86' lang='lat' dir='ltr'><strong><em>boniforent.</em></strong></span> <span class='ocrx_word' id='word_1_281' title='bbox 697 2657 799 2722; x_wconf 86' lang='lat' dir='ltr'><strong><em>Quibus</em></strong></span> <span class='ocrx_word' id='word_1_282' title='bbox 819 2657 931 2708; x_wconf 89' lang='lat' dir='ltr'><strong><em>bonesta</em></strong></span> 
     </span>
     <span class='ocr_line' id='line_1_38' title="bbox 125 2723 932 2793; baseline -0.01 -16"><span class='ocrx_word' id='word_1_283' title='bbox 125 2727 237 2780; x_wconf 85' lang='lat' dir='ltr'><strong><em>vendere</em></strong></span> <span class='ocrx_word' id='word_1_284' title='bbox 246 2741 302 2778; x_wconf 90' lang='lat' dir='ltr'><strong><em>ruas</em></strong></span> <span class='ocrx_word' id='word_1_285' title='bbox 311 2736 357 2789; x_wconf 89' lang='lat' dir='ltr'><strong><em>est,</em></strong></span> <span class='ocrx_word' id='word_1_286' title='bbox 368 2725 392 2776; x_wconf 89' lang='lat' dir='ltr'><strong><em>si</em></strong></span> <span class='ocrx_word' id='word_1_287' title='bbox 401 2723 603 2793; x_wconf 80' lang='lat' dir='ltr'><strong><em>eademflagits‘i</em></strong></span> <span class='ocrx_word' id='word_1_288' title='bbox 611 2743 709 2778; x_wconf 87' lang='lat' dir='ltr'><strong><em>merces</em></strong></span> <span class='ocrx_word' id='word_1_289' title='bbox 724 2727 816 2786; x_wconf 89' lang='lat' dir='ltr'><strong><em>detur,</em></strong></span> <span class='ocrx_word' id='word_1_290' title='bbox 826 2723 905 2773; x_wconf 79' lang='lat' dir='ltr'><strong><em>utilia</em></strong></span> <span class='ocrx_word' id='word_1_291' title='bbox 915 2735 932 2768; x_wconf 95' lang='lat' dir='ltr'><strong><em>a</em></strong></span> 
     </span>
    </p>
   </div>
   <div class='ocr_carea' id='block_1_6' title="bbox 0 0 1026 3030">
    <p class='ocr_par' dir='ltr' id='par_1_6' title="bbox 0 0 1026 3030">
     <span class='ocr_line' id='line_1_39' title="bbox 0 0 1026 3030; baseline 0 0"><span class='ocrx_word' id='word_1_292' title='bbox 0 0 1026 3030; x_wconf 95' lang='lat' dir='ltr'><strong><em> </em></strong></span> 
     </span>
    </p>
   </div>
  </div>
 </body>
</html>
