2082 3042
137 174 189 226 281
357 171 527 232 QUINTI
556 171 721 222 CUR'l'll

137 282 242 326 ctorem
259 274 334 339 regis
349 273 401 335 sui,
421 273 575 323 videbatur.
611 272 721 324 Titulus
731 271 865 323 facinoris
877 289 940 340 spe·

137 343 231 392 111111
241 339 461 407 praeferebatur,
483 340 603 390 vindicta
614 339 707 390 Darii:
727 339 776 390 sed
786 338 941 403 fortunam,

135 422 190 460 uon
210 407 312 469 scelus,
332 408 431 458 oderat
447 406 537 457 Bessi.
573 409 614 456 21.
633 405 702 457 Nam
713 414 743 456 ut
752 407 943 458 Alexandrum

137 474 238 525 flumen
254 474 342 525 Oxum
362 487 508 541 superasse
525 475 666 540 cognovit,
686 472 893 539 Dataphernem
910 480 943 525 et

137 541 278 603 Catonem,
289 541 388 607 quibus
399 556 416 590 a
424 541 513 591 Besso
524 542 643 591 maxima
653 540 723 590 lides
734 539 898 604 habebatur,
909 542 942 592 in

137 609 301 660 societatem
313 609 454 675 cogitatae
463 608 506 657 rei
516 606 656 658 adsciscit.
689 608 735 658 1111
743 608 882 673 promtius
892 608 940 658 ad-

137 682 211 739 eunt,
219 690 299 742 quam
309 674 491 741 rogabantur3
502 674 688 741 assunrtisque
699 681 763 725 octo
774 673 941 726 fortissimis

136 743 293 802 iuvenibus,
313 742 398 793 talem
409 741 666 792 delumintendunt.
702 743 744 796 22.
762 740 940 808 Spitamenes

136 811 228 878 pergit
238 809 274 861 ad
283 809 409 870 Bessum,
421 815 450 859 et
459 809 574 860 remotis
585 808 707 869 arbitris,
716 809 889 876 comperisse
900 810 942 860 ait

137 893 177 940 se,
197 876 326 928 insidiari
339 877 367 926 ei
379 874 585 942 Dataphernem
600 881 628 926 et
639 875 780 938 Catenem,
801 883 832 927 ut
846 876 940 927 rivum

60 969 63 986 s
137 945 293 996 Alexandro
313 943 457 994 traderent
476 943 628 1010 agitantem
647 957 665 992 a
683 948 771 993 semet
784 951 941 1008 occupatos

138 1027 210 1074 essa,
225 1018 254 1061 et
263 1011 371 1062 vinctos
381 1011 480 1061 teneri.
514 1010 556 1061 23.
574 1009 678 1060 Bessus
688 1016 765 1061 tanto
775 1011 892 1072 merito,
908 1018 941 1062 ut

137 1078 281 1138 credebat,
293 1077 446 1144 obligatus,
457 1079 557 1142 partim
568 1077 673 1144 gratias
683 1079 755 1144 agit,
770 1079 870 1144 partim
882 1079 940 1127 avi-

138 1147 188 1196 dus
209 1143 338 1211 explendi
358 1143 487 1210 supplicii
507 1143 608 1195 adduci
626 1158 676 1194 eos
695 1144 780 1195 iubet.
820 1145 862 1194 24.
883 1145 928 1196 1111

136 1212 262 1264 manibus
273 1225 324 1260 sua
337 1221 435 1276 sponte
447 1210 583 1276 religatis,
603 1227 620 1260 a
630 1212 812 1278 participibus
824 1183 941 1263 consilli

135 1276 327 1329 trahebantur:
350 1291 420 1342 quos
432 1277 537 1328 Bessus
550 1281 623 1328 truci
638 1278 716 1330 rultu
731 1280 852 1341 intuens,
873 1295 940 1330 eon-

136 1345 235 1411 surgit,
255 1343 381 1393 manibus
402 1359 458 1394 non
476 1349 688 1410 temperaturus.
724 1347 758 1396 At
769 1346 814 1397 illi
826 1347 942 1398 simula·

135 1412 213 1462 tione
225 1411 328 1460 omissa
338 1410 544 1464 circumsistunt
553 1426 624 1475 aum,
633 1419 660 1463 et
669 1411 773 1464 frustra
782 1428 942 1482 repugnan-

98 1513 99 1518 =
135 1486 192 1530 tem
201 1477 339 1541 vinciunt,
350 1478 460 1546 direpto
473 1494 508 1530 ex
518 1480 607 1547 capite
618 1481 699 1548 regni
709 1481 822 1550 insigni,
832 1481 941 1532 lasera—
1028 1539 1029 1550 ,

135 1553 218 1614 taque
228 1552 315 1603 reste,
328 1561 408 1614 quam
419 1562 434 1598 e
445 1547 543 1613 spoliis
554 1548 641 1598 occisi
652 1548 728 1614 regis
736 1549 877 1600 induerat.
897 1549 940 1600 25.

135 1614 196 1676 1111,
208 1613 276 1665 deos
286 1613 331 1664 sui
340 1615 456 1665 sceleris
467 1615 573 1666 ultores
585 1616 683 1666 adesse
695 1615 852 1679 confessus,
862 1617 941 1670 adie-

136 1684 183 1745 cit,
194 1695 249 1732 non
256 1681 343 1732 Dario
353 1683 464 1749 iniquos
474 1681 571 1743 fuisse,
583 1697 662 1748 quem
675 1685 716 1733 sic
726 1683 940 1747 ulciscerentur,

136 1751 186 1801 sed
204 1749 361 1801 Alexandro
383 1751 532 1816 propitios,
563 1750 641 1800 euius
660 1752 806 1801 victoriam
826 1766 941 1819 semper

136 1818 219 1869 etiam
240 1815 329 1868 hostis
348 1817 510 1868 adiuvisset.
546 1816 587 1866 26.
606 1817 757 1867 Multitudo
770 1819 940 1870 anrindica·

136 1892 198 1936 ture
207 1883 325 1934 Bessum
335 1883 429 1945 fuerit,
439 1885 574 1935 incertum
586 1890 640 1947 est3
653 1885 707 1935 nisl
717 1884 772 1946 illi,
784 1886 831 1952 qui
844 1887 939 1938 vinxe-

135 1957 206 2014 rant,
226 1951 304 2000 iussu
314 1951 463 2000 Alexandri
471 1949 574 2000 fecisse
588 1953 665 2016 ipsos
680 1953 814 2014 ementiti,
835 1953 939 2004 dubios
1026 1989 1027 1996 ,

136 2016 225 2068 adhuc
242 2017 325 2066 animi
339 2018 513 2067 terruissent.
549 2016 579 2067 ln
590 2033 690 2085 equum
700 2019 861 2086 impositum
871 2019 939 2071 Ale⁴

135 2084 243 2136 xandro
252 2082 383 2133 tradituri
393 2084 504 2133 ducunt.
540 2085 581 2134 27.
600 2085 675 2136 hiter
685 2083 754 2136 haee
764 2101 823 2148 rex,
835 2088 938 2154 quibus

135 2158 243 2202 matura
253 2154 314 2199 erat
323 2149 429 2210 missio,
450 2149 547 2202 electis
558 2151 677 2204 Dcccc
686 2151 755 2214 fere,
772 2156 861 2220 equiti
872 2156 940 2206 bina

135 2219 241 2268 talenta
251 2215 337 2277 dedit,
348 2216 438 2281 pediti
447 2222 526 2268 terna
536 2218 678 2269 denarium
689 2221 788 2270 millia:
799 2215 937 2273 moni'tos-

136 2299 198 2351 que,
209 2289 241 2333 ut
249 2281 355 2333 liberos
366 2291 541 2351 generarent,
553 2286 661 2338 remisit
671 2287 791 2339 domum.
825 2289 938 2340 0111111
1024 2329 1025 2336 ,

135 2349 243 2417 gratiae
259 2356 348 2428 actae,
368 2351 443 2417 quod
454 2352 490 2403 ad
507 2352 615 2419 reliqua
628 2354 696 2404 belli
711 2362 861 2406 navaturos
873 2371 939 2422 ope·

135 2416 428 2537 {hildiberti
456 2417 937 2542 illichiffllih‘fuiililflnlii

135 2554 195 2604 eius
214 2551 324 2603 incolae
343 2559 431 2604 erant.
442 2501 566 2605 pMileto
581 2502 720 2622 qnffiuan
733 2526 811 2608 iussu
821 2557 937 2619 Xerxis,

135 2635 216 2687 quum
237 2634 252 2670 1
269 2617 389 2671 Graecia
405 2622 520 2683 rediret,
541 2624 717 2686 transierant,
739 2629 767 2674 et
779 2625 807 2675 in
821 2640 857 2674 ea
868 2626 939 2676 sede
1022 2675 1023 2681 ,

136 2689 326 2750 constiterant,
341 2689 407 2756 quia
416 2688 556 2754 templum,
572 2690 646 2756 quod
654 2690 830 2758 Didymaeon
843 2692 938 2759 appel·
