2082 3042
286 173 437 225 LIBER
461 173 526 224 vn.
558 176 652 231 CAP.
682 181 721 230 ie.
852 179 901 232 iet

100 278 137 330 de
147 290 267 328 caverna
276 275 388 343 accipit,
410 281 439 326 et
451 274 502 326 sub
517 282 623 327 terram
636 279 715 345 rapit.
752 282 776 332 3.
797 284 900 335 cartus

100 343 401 396 absconditiindicium
411 351 455 394 est
464 357 553 409 aquae
569 346 686 394 meantis
700 361 796 413 sonus3
817 365 901 417 quum

4 445 5 482 ᾗ
100 415 190 480 ipsum
202 412 300 470 solum,
322 411 374 461 sub
384 424 438 476 quo
449 416 543 461 tantus
553 411 641 461 amnis
653 411 721 474 iluit,
742 429 777 464 ne
789 419 899 476 medico

4 485 5 542 ᾗ
99 479 213 547 quidem
230 477 343 530 resudet
358 477 481 528 humore.
517 477 541 528 4.
561 478 603 528 Ex
616 479 734 546 caperis
746 480 900 549 Sogdiano-

4 555 5 574 *
98 563 161 598 rum
180 546 214 597 ad
224 560 318 612 regem
339 545 420 595 XXX
438 544 615 607 nobilissimi,
636 561 784 612 corporum
796 551 900 603 robore

100 614 213 674 exindo,
234 612 361 679 perducti
379 618 471 663 erant:
494 612 541 677 qui
555 618 586 662 ut
600 627 649 678 per
661 611 839 680 interpretem
855 633 900 670 co·

99 687 267 748 gnoverunt,
295 682 374 731 iussu
393 679 469 746 regis
490 679 568 744 ipsos
586 680 621 731 ed
634 680 799 747 supplicium
819 683 900 746 trabi,

99 762 209 800 carmen
226 747 388 799 laetantium
402 759 608 808 morecanere,
626 749 812 816 tripudiisque
825 751 901 802 etia-

99 815 215 866 sciviori
228 815 365 882 corporis
387 819 466 867 motu
489 811 621 880 gaudium
649 816 788 881 quoddam
818 819 901 869 animi

99 890 241 934 ostentare
253 887 414 947 arreperunt.
450 879 475 929 5.
493 879 651 933 Admiratus
671 897 729 945 rex,
749 890 828 935 tenta
845 899 901 936 ma-

4 955 8 980 i
99 950 245 1018 gnitudine
256 950 340 999 animi
351 953 483 1013 oppetere
494 954 625 1010 mortem,
645 951 774 1002 revocari
785 967 834 1003 eos
846 953 902 1004 ius-

98 1019 145 1079 sit,
165 1031 277 1068 eausam
296 1022 351 1065 tam
367 1014 474 1066 effusae
488 1015 623 1078 laetitiae,
644 1031 725 1083 quum
736 1020 901 1087 supplicium

97 1089 163 1135 ante
175 1081 425 1143 oculoslraberent,
448 1083 601 1149 requirens.
637 1083 661 1134 e.
682 1085 735 1148 ilii,
755 1089 780 1137 si
794 1085 828 1138 ab
843 1087 900 1138 alio

98 1150 304 1212 occiderentur,
322 1151 418 1200 tristes
438 1151 589 1202 morituros
608 1150 697 1204 fuisse
718 1153 901 1220 respondeam

97 1233 172 1270 nunc
182 1233 199 1269 a
209 1225 286 1268 tante
298 1231 379 1286 rege,
390 1218 496 1269 victore
508 1219 628 1270 omnium
640 1221 778 1288 gentium,
789 1223 901 1274 maiori-

4 1281 5 1364 }
96 1287 149 1338 bus
159 1286 217 1336 suis
229 1284 363 1346 redditos,
375 1283 520 1336 honestam
531 1293 655 1348 mortem,
667 1303 749 1356 quam
760 1288 850 1342 iortes
861 1291 900 1341 ri-

96 1355 195 1405 rivoto
207 1367 317 1421 qunque
329 1359 501 1420 expeterent,
512 1357 679 1410 carminibus
690 1357 734 1408 sui
744 1359 830 1409 moris
842 1359 898 1409 lae-

4 1433 5 1436 ’
93 1423 212 1488 titiaque
226 1421 378 1471 celebrare.
413 1423 438 1471 7.
457 1422 528 1471 Tum
544 1435 602 1484 rex,
622 1439 721 1502 quaero
734 1423 836 1491 itaque,
857 1427 897 1476 in-

95 1489 164 1556 quit,
184 1505 221 1538 an
232 1487 318 1538 nitere
328 1486 411 1536 uelitis
423 1503 477 1537 non
486 1486 589 1538 iuirns'cs'
597 1489 671 1551 mebi,
686 1490 760 1540 cuius
772 1490 898 1560 boemis-io

96 1553 195 1606 maturi
205 1553 283 1604 camsi
301 1552 325 1602 8.
340 1553 393 1614 illi,
404 1568 542 1618 nunquam
553 1569 583 1604 sa
593 1556 723 1607 inimicos
733 1556 769 1618 ei,
781 1558 832 1608 sed
841 1560 898 1608 bel-

94 1624 123 1674 lo
136 1622 295 1684 lacessitos,
306 1618 402 1670 hostes
412 1618 500 1670 luisse
511 1621 688 1685 respondent.
708 1622 736 1675 Si
748 1625 810 1689 quie
819 1623 898 1690 ipsos
936 1667 941 1676 ,

93 1688 244 1750 beneficio,
265 1702 344 1755 quam
355 1687 467 1748 iniuria,
483 1687 603 1756 experiri
614 1689 766 1750 maluisset,
778 1697 898 1742 certatu-

94 1773 142 1808 ros
153 1755 250 1816 fuisse,
272 1769 307 1805 ne
321 1755 498 1805 vincerentur
513 1753 616 1805 officio.
650 1755 675 1806 9.
695 1756 896 1824 interroganti·

95 1839 164 1895 que,
182 1837 237 1892 quo
258 1823 375 1890 pignore
394 1821 476 1871 iidem
496 1821 648 1886 obligaturi
667 1823 777 1874 essenti
801 1824 897 1887 vitam,

93 1909 176 1962 quam
196 1892 368 1959 acciperent,
391 1890 508 1955 pignore
527 1887 649 1946 futuram
669 1903 732 1940 essa
753 1889 896 1942 dixerunt:

93 1961 263 2022 reddituros,
285 1956 450 2028 quandoque
470 1957 628 2022 repetisset.
663 1956 899 2025 Necpromissom

4 2061 5 2064 =
94 2027 265 2080 fefellerunt.
302 2023 371 2076 Nam
386 2025 431 2092 qui
446 2024 558 2074 rantissi
574 2023 672 2076 domes
683 2026 783 2088 ierant,
803 2027 831 2076 in
842 2026 896 2078 fide

95 2092 431 2160 continuerepopulares:
453 2098 582 2158 quatuor,
604 2092 678 2144 inter
692 2093 825 2145 custodes
836 2108 897 2144 cor-

93 2163 170 2231 poris
190 2159 302 2221 retenti,
322 2159 391 2210 nulli
411 2159 594 2210 Macedonum
614 2160 643 2210 in
663 2176 757 2228 regem
778 2160 896 2214 caritate

94 2237 246 2282 cesserunt.
290 2229 327 2278 ll).
347 2227 377 2276 ln
396 2225 546 2292 Sogdianis
562 2226 704 2279 Peucolao
725 2243 786 2278 eum
806 2228 895 2280 tribus

93 2297 216 2348 millibus
232 2295 356 2363 peditum
368 2294 553 2359 (nequeenim
564 2295 661 2346 maiori
673 2295 814 2362 praesidio
824 2297 894 2349 indi-

93 2363 192 2432 gebat)
202 2364 311 2424 relicto,
322 2361 424 2412 bactra
452 2362 567 2412 ervenit.
603 2362 796 2414 lndeBessum
808 2363 894 2416 Ecba·

92 2441 160 2482 tona
169 2429 232 2482 duci
243 2431 333 2493 iussit,
352 2431 410 2480 inte
439 2435 502 2479 ecto
511 2428 598 2480 Dario
609 2443 715 2494 poenas
730 2431 819 2498 capite
831 2447 893 2499 per·

94 2498 257 2550 strlomrum.
294 2500 334 2548 il.
354 2496 455 2546 iisdem
474 2494 534 2547 iere
554 2496 651 2547 diebus
668 2496 847 2550 Ptolemaeus
866 2505 895 2549 et

91 2565 221 2618 Menidas
238 2565 360 2632 peditum
373 2565 428 2615 tria
442 2563 542 2627 millia,
563 2576 591 2614 et
603 2565 712 2630 equites
722 2565 798 2616 mille
808 2565 893 2617 addu-

90 2640 193 2686 xerunt
206 2632 334 2684 mercede
346 2631 522 2682 militaturos.
558 2633 598 2682 12.
617 2632 773 2684 Alexander
783 2647 893 2699 quoque

91 2715 126 2752 ax
141 2699 232 2766 Lycia
252 2714 313 2750 cum
328 2701 388 2766 nari
403 2713 518 2751 numero
532 2699 656 2766 pediturn
675 2707 705 2752 et
716 2701 742 2750 D
753 2700 894 2768 equitibus
