2054 3030
142 159 165 244 'u'
228 171 406 240 ‘'“ronrrm'¹
423 161 462 256 F)
481 180 764 235 rasrusuorurr

139 283 407 346 ulcrollrtaxmsrisd,s
423 276 545 351 dolosum
559 298 653 351 regem
667 281 729 333 ruit.
763 281 858 332 hciem
877 285 967 347 opti.

43 412 83 421 m
128 350 191 426 adit,
203 334 431 438 appeuxeiagsffp
456 349 598 418 'rvataque
613 351 670 401 loci
685 354 792 411 natura,
816 347 965 415 obliquos

144 435 194 489 per
204 429 306 472 numen
317 424 415 472 orodne
440 422 610 480 duxerat,ne
621 418 817 483 statim,quum
828 429 865 466 ex
875 431 964 482 aqua

144 490 308 551 evasissent,
318 503 336 538 a
344 488 439 541 Persis
452 486 656 538 invaderentur.
693 483 832 535 Turbatus
844 483 961 536 deinde

128 609 130 614 ,
143 557 313 624 territosque
324 555 469 616 excitarit,
491 552 630 614 hortatus,
649 560 680 603 ut
691 552 790 602 saltem
800 551 890 600 semel
902 554 962 602 ad·
1017 601 1018 618 q

145 622 199 675 hue
210 629 323 674 strenue
343 623 518 674 adorirentur
538 619 643 671 hostes.
679 617 962 685 commentans
1017 647 1018 660 ι

144 707 226 742 manu
239 689 352 742 fortiter
365 706 430 741 usus
447 694 518 740 erat:
538 688 639 738 multos
659 687 765 747 lancea,
787 684 858 735 alios
880 699 962 738 ense

145 758 316 811 confecerat:
329 759 464 824 primique
473 772 508 808 ex
517 755 644 808 hostibus
655 753 750 822 fugam
761 754 961 818 arripuerunt,

146 828 192 894 qui
207 833 305 877 contra
318 825 409 891 ipsum
423 825 614 876 constiterant.
650 823 690 873 3⁰.
711 821 868 875 Consilium
882 835 962 886 quo-
1017 861 1018 878 ι

145 909 197 960 que
207 895 295 960 ipsius
307 891 406 944 audaci
416 893 523 959 specie,
538 892 599 958 plus
610 895 703 942 tamen
713 889 844 949 rationis,
861 900 961 953 ‘quarn
1017 921 1018 956 q

144 961 327 1020 temeritatis,
351 957 454 1009 habuit.
491 959 667 1026 Pugnatoros
686 957 819 1006 adversus
838 953 962 1006 hostem

145 1043 255 1088 norum,
276 1040 446 1091 numeroque
455 1026 541 1092 longe
551 1025 732 1091 superiorem,
753 1023 836 1074 etiam
852 1023 963 1088 despe-

145 1097 256 1146 ratione
271 1107 378 1143 armare
395 1093 536 1156 voluerat,
555 1098 587 1142 ut
599 1093 756 1157 praecisam
772 1089 963 1148 obiectullu-

145 1163 227 1214 minis
242 1159 336 1226 fugam
351 1161 519 1226 conspicati,
540 1174 647 1210 ornnem
663 1159 761 1210 salutis
777 1159 898 1224 spemin
913 1161 962 1207 vi-

146 1229 237 1280 ctorin
247 1227 430 1277 collocarent·
464 1229 505 1278 31.
521 1225 721 1277 Thessalorum
732 1227 824 1289 etiam,
835 1227 909 1286 (nam
924 1227 960 1276 id

145 1295 232 1346 robur
245 1296 385 1361 equitatus
400 1299 486 1359 erat,)
497 1295 552 1346 insi
574 1295 617 1344 nis
629 1309 662 1346 eo
674 1294 719 1345 die
734 1308 820 1360 opera
831 1293 960 1345 exstitit.

145 1361 243 1428 Neque
255 1363 342 1412 ceteri
354 1361 448 1414 officio
460 1378 511 1414 suo
523 1311 681 1424 deffuerunt,
697 1363 860 1428 praesertim
875 1364 960 1426 equi·
1017 1349 1018 1372 ἶ

146 1438 203 1481 tes:
223 1445 285 1480 nam
300 1430 423 1496 equestri
438 1431 610 1496 potissimum
625 1431 735 1496 proelio
749 1434 892 1480 transacta
905 1443 959 1479 res
1017 1406 1018 1451 ¹

148 1497 647 1566 est3peditesevestigiocesserunt.
682 1498 723 1548 32.
745 1496 874 1547 Ceterum
885 1495 960 1546 Ale·
1017 1507 1018 1510 ’

145 1565 253 1618 xander
262 1565 408 1618 Persarum
421 1567 504 1616 etiam
518 1565 708 1616 nobilissimos
722 1564 882 1630 sepulturae
898 1570 960 1614 tra-

148 1633 229 1697 didit;
249 1639 278 1684 et
292 1641 430 1700 quotquot
444 1648 479 1686 ex
493 1633 609 1684 Graecis
626 1632 806 1684 mercenariis
824 1629 958 1682 hostibus

147 1707 286 1753 merentes
298 1701 468 1752 ceciderant:
490 1702 537 1769 qui
545 1707 636 1752 autem
655 1716 750 1751 eorum
762 1698 818 1749 vivi
830 1699 860 1748 in
873 1707 958 1764 pote-

148 1775 247 1820 statem
257 1770 365 1821 redacti
376 1769 495 1832 fuerant,
510 1784 559 1820 eos
570 1784 619 1836 per
628 1767 822 1819 Macedoniam
832 1765 863 1816 in
873 1781 958 1834 erga-

147 1837 221 1888 stula
231 1838 361 1890 distribui
371 1839 461 1898 iussit,
474 1837 548 1904 quod
559 1843 657 1887 eontra
670 1848 814 1886 commone
830 1833 958 1885 Graeco-

147 1920 208 1956 rum
222 1907 364 1956 decretum
379 1920 428 1972 pro
444 1905 625 1954 barbarorum
645 1902 835 1953 dominatione
855 1901 958 1952 adver-

148 1989 194 2023 sus
206 1975 324 2038 patriam
335 1972 543 2038 pugnavissent.
579 1971 620 2021 33.
642 1969 792 2022 Thebanos
808 1975 903 2020 tamen
915 1971 959 2020 di·
1017 1977 1018 2008 l

148 2041 239 2102 misit,
260 2040 307 2106 qui
326 2040 421 2090 excisa
439 2039 520 2100 urbe,
542 2038 660 2088 ademtis
683 2038 759 2106 agris
782 2037 957 2088 necessitate
1017 2023 1018 2074 l

147 2108 246 2174 magis,
260 2121 340 2174 quam
352 2112 463 2171 sponte,
480 2112 655 2172 peccassent:
676 2109 732 2158 iam
749 2105 821 2156 enim
832 2110 878 2154 tot
890 2105 958 2155 illo·
1017 2099 1018 2146 l

147 2189 207 2224 rum
221 2174 424 2227 calamitatibus
436 2173 547 2240 expleta
558 2174 623 2225 odia
633 2171 845 2224 misericordiae
859 2171 957 2222 locum
1017 2161 1018 2180 ¹

147 2239 281 2292 fecerant.
317 2241 358 2291 st.
379 2241 449 2293 Post
459 2239 528 2291 haec
539 2242 573 2292 de
583 2241 721 2292 manubiis
736 2245 878 2291 trecentos
895 2238 956 2304 cly-

147 2321 216 2373 peos
228 2308 343 2376 selegit,
361 2311 407 2377 qui
416 2311 560 2361 Minervae
571 2307 735 2364 Atheniensi
747 2307 957 2368 dedicarentur,

148 2376 268 2440 superbo
290 2391 351 2428 cum
369 2377 469 2429 titulo:
498 2375 705 2440 „Alexandrum
724 2374 847 2441 Philippi
865 2373 957 2424 filium

149 2440 342 2510 Graecosque,
363 2446 488 2512 exeeptis
502 2443 747 2505 Lacedaemoniis,
769 2444 803 2494 de
821 2441 956 2492 barbaris

145 2511 238 2561 Asiam
251 2512 437 2564 incolentibus
458 2512 668 2576 suspendisse.“
706 2511 747 2561 35.
768 2510 854 2561 Ideo
876 2507 956 2558 fece·
1015 2543 1016 2546 ,

145 2584 198 2642 rat,
213 2585 244 2629 ut
253 2581 455 2630 communicata
466 2578 599 2628 lictoriae
610 2577 692 2627 laude
703 2577 819 2628 Graecis
831 2577 867 2628 ad
877 2581 956 2626 oete·

145 2660 190 2696 ras
200 2645 269 2698 belli
278 2647 462 2696 necessitates
478 2644 740 2708 obsequentioribus
755 2651 892 2695 uteretur:
914 2645 955 2694 si-

146 2713 203 2762 mul
213 2712 500 2764 Lacedaemoniorum
510 2712 711 2763 contumaciam
722 2712 896 2773 traducebat,
904 2713 955 2778 qui
