2036 3030
144 183 457 236 SUPPLEMENTA.
480 185 554 236 ΜΒ.
573 186 593 237 l.
614 185 697 238 cnP.
713 185 737 238 8.
749 185 773 237 9.
835 188 865 239 31

62 289 113 340 dit.
130 287 169 337 13.
181 287 316 352 Reliquos
328 287 427 337 deinde
438 288 565 353 populos,
575 289 620 354 qui
633 289 766 339 adversus
777 289 869 355 ipsum

60 371 138 406 arma
154 361 297 420 ceperant,
316 353 415 405 eodem
429 355 565 404 victoriae
579 356 683 422 impetu
698 355 867 422 perdomuit.

60 421 121 474 Nec
133 424 276 490 quisquam
288 428 347 472 tota
359 421 486 484 Graecia,
496 428 607 490 praeter
618 423 769 490 Spartanos
782 429 810 473 et
819 426 867 472 Ar·

62 491 157 552 cades,
168 489 365 540 dominationis
377 490 436 539 eius
447 505 547 556 expers
559 494 673 540 mansit:
689 491 761 540 alios
772 493 865 552 armis,
959 495 962 502 '

60 559 134 609 alios
149 557 247 623 impari
264 557 401 608 societate
415 557 540 622 imperiis
557 559 615 606 suis
630 557 767 608 obnoxios
782 556 865 608 habe·

59 627 117 676 bat.
156 626 195 676 14.
208 624 300 690 Igitur
311 630 448 674 conventu
458 625 544 674 totius
557 623 692 674 Graeciae
703 623 865 676 Corinthum

61 689 709 755 indicto,dcbelloPersisinserendodisseruit.
727 692 865 752 „Obviam

62 760 182 810 eundum
188 773 250 810 esse
261 758 396 818 barbaris,
406 759 553 822 imperium
565 758 640 809 orbis
648 758 761 808 immani
772 775 866 824 super-

60 828 108 878 bia
118 828 172 878 sibi
183 825 400 878 destinantibus:
411 831 460 874 aut
469 827 619 891 parendum
631 839 748 892 semper,
755 832 803 876 aut
811 843 867 876 ma-

60 902 121 946 ture
132 895 319 946 resistendum
330 906 402 942 esse.
433 891 492 942 Nec
503 893 576 942 enim
587 891 641 943 hoc
651 894 706 959 agi,
717 892 821 944 bellum
834 909 868 943 an

59 977 157 1030 pacem
172 961 293 1012 habeant
307 958 421 1022 Graeci3
442 957 494 1010 sed
509 969 599 1010 utrum
613 962 642 1010 in
652 959 771 1012 hostiles
784 975 867 1028 agros

59 1031 88 1080 id
97 1028 255 1081 transferre
265 1027 370 1088 malint,
382 1041 417 1077 an
427 1027 502 1078 domi
513 1031 649 1095 accipere.
686 1028 726 1079 15.
748 1027 811 1079 Non
823 1044 866 1078 ve·

60 1105 137 1148 teres
147 1103 255 1146 tantum
265 1095 380 1145 iniurias
390 1095 569 1147 vindicandas
580 1111 657 1158 esse3
673 1097 724 1147 sed
734 1111 867 1162 praesens

61 1166 186 1216 dedecus
198 1162 392 1224 amoliendum,
412 1165 515 1230 ereptis
527 1179 561 1214 ex
572 1164 720 1215 Persarum
731 1165 867 1218 servitute

62 1233 180 1284 Graecis
192 1230 359 1293 civitatibus,
371 1246 441 1297 quae
451 1232 544 1282 Asiam
553 1231 717 1282 incolerent.
740 1233 868 1284 Coname-

62 1301 178 1351 dissime
188 1299 216 1349 id
227 1298 288 1349 lieri
298 1313 392 1365 posse,
406 1298 470 1348 dum
480 1299 643 1365 compositis
656 1300 683 1349 in
696 1299 815 1350 Graecia
824 1314 866 1349 re·

60 1368 120 1429 bus,
137 1366 282 1419 universas
292 1366 405 1422 viresin
415 1368 626 1417 transmarinum
637 1366 740 1417 bellum
753 1381 866 1417 conver-

61 1443 120 1486 tere
128 1436 249 1487 liberum
263 1440 346 1485 esset.
383 1432 424 1482 16.
443 1432 623 1484 Domesticae
638 1435 720 1484 ctiam
733 1435 822 1500 quieti
834 1449 868 1484 ea

61 1505 170 1554 ratione
183 1508 359 1568 prospectum
369 1502 413 1563 iri,
431 1502 531 1552 amotis
549 1503 747 1568 occupatisque
757 1503 866 1569 longin-

61 1587 114 1637 qua
123 1570 238 1630 militia,
262 1569 309 1635 qui
325 1570 409 1620 otiosi
422 1568 570 1619 discordiis
582 1576 612 1621 et
622 1568 739 1620 audacia
754 1585 799 1620 res
810 1577 866 1619 tur-

59 1637 125 1688 bare
137 1637 358 1688 consuevissent.
391 1635 600 1687 Constituerent
609 1639 704 1702 igitur,
715 1653 769 1703 quo
782 1638 866 1703 impe·

61 1712 167 1766 satore,
188 1703 341 1771 quibusque
356 1703 444 1767 copiis
461 1703 564 1753 bellum
583 1705 658 1761 istud
675 1705 866 1755 administran-

61 1774 123 1823 dum
134 1771 307 1823 videretur.‘⁴
343 1770 383 1833 l't.
404 1767 466 1819 Non
476 1769 593 1819 fallebat
607 1770 772 1835 plerosque,
783 1786 866 1836 quan·

62 1845 116 1890 tum
132 1837 304 1904 erepublica
313 1842 471 1902 peteretur3
491 1835 540 1886 sed
550 1837 633 1886 armis
644 1837 773 1886 amissam
785 1837 867 1887 liber·

60 1913 146 1958 tatem
156 1906 381 1971 intempestivum
395 1903 544 1954 videbatur
554 1904 646 1954 verbis
656 1910 795 1970 repetere.
819 1903 866 1954 Ni-

18 1973 21 1982 '
62 1971 101 2024 hil
111 1991 179 2042 ergo
192 1973 346 2028 dubitatum
359 1978 414 2034 est,
429 1970 495 2038 quin
506 1969 606 2021 faustis
619 1971 869 2022 acclamationibus

62 2039 205 2110 Philippus
216 2043 367 2108 imperator
378 2039 514 2090 Graeciae
531 2039 566 2090 ad
579 2039 752 2091 liberandum
770 2039 866 2089 orbem

62 2111 337 2161 terraruminrlsiam
350 2107 490 2173 proticisci
507 2107 659 2168 iuberetur.
696 2108 735 2157 18.
753 2106 865 2157 Descri-

38 2173 40 2176 ’
61 2183 124 2239 ptae
144 2178 246 2229 deinde
265 2175 437 2242 singulorum
457 2190 537 2241 opes3
558 2182 587 2226 et
601 2180 732 2243 quantum
748 2175 864 2242 quisque

63 2243 180 2296 militum
193 2244 377 2310 frumentique
390 2248 419 2293 et
429 2243 562 2309 pecuniae
573 2244 707 2304 mitteret,
717 2244 746 2292 in
755 2243 864 2294 tabulas

63 2311 179 2364 relatum
190 2319 241 2363 est.
277 2311 405 2361 Ducenta
414 2310 550 2377 peditum,
572 2309 729 2377 quindecim
742 2311 866 2377 equitum

64 2377 152 2430 millia
164 2379 302 2446 promissa
312 2377 400 2430 fuisse
412 2379 538 2444 reperi03
559 2393 643 2445 quum
657 2377 685 2427 in
700 2391 734 2428 eo
749 2393 863 2430 numero

65 2458 152 2512 neque
162 2447 341 2510 Macedones,
352 2452 583 2513 nequeparentes
593 2445 794 2498 Macedonibus
804 2447 865 2497 bar-

64 2509 124 2562 bari
137 2521 323 2566 censerentur.

102 2581 159 2638 ix.
178 2583 314 2646 Ceterum,
330 2588 361 2634 ut
374 2582 434 2632 sine
444 2581 565 2634 mixtura
575 2580 740 2632 calamitatis
752 2579 828 2630 nulla
837 2579 866 2628 in

65 2644 145 2700 rebus
155 2647 280 2703 humanis
295 2649 416 2702 felicitas
430 2655 486 2711 est,
504 2663 552 2699 res
565 2645 636 2698 foris
654 2662 803 2716 prosperas
818 2645 864 2695 do-

65 2717 194 2770 mesticae
224 2719 321 2770 turbae
351 2722 528 2784 exceperunt.
572 2715 698 2767 Animum
727 2713 866 2778 coniugis,
