2036 3030
71 170 73 175 ¹
96 181 130 230 20
283 175 419 228 lOANN.
439 175 714 229 ruulnsrrumn

96 288 125 330 et
136 279 171 329 ob
183 279 401 331 dominationem
411 276 477 328 fidei
486 276 631 344 famaeque
642 277 898 345 negligenscogno·

94 352 182 398 verat.
211 347 251 396 l'l.
263 345 385 396 Maxime
398 345 495 396 urebat
504 359 599 412 regem
611 359 708 395 recens
720 343 811 406 dolor,
823 343 897 410 quod

94 416 130 465 ad
139 413 316 480 Byzantium,
326 410 534 463 Atheniensium
546 427 641 480 opera,
660 426 708 478 spe
719 425 769 461 sua
779 411 898 462 excidis·

94 487 149 533 set:
165 481 211 548 qui
222 495 277 531 non
288 481 372 531 modo
386 486 495 530 centum
510 485 539 530 et
548 480 649 545 viginti
658 479 767 529 navium
779 477 896 529 classem

95 548 221 599 obsessis
236 547 340 599 auxilio
356 550 501 610 miserant,
520 547 571 597 sed
589 554 618 597 et
633 544 710 597 Chiis
725 543 897 612 Rhodiisque

95 617 193 666 eadem
213 615 332 666 audendi
354 620 484 666 auctores
504 612 624 664 fuerant.
666 613 706 664 18.
726 613 815 681 lgitur
833 613 898 663 dum

95 689 258 741 percuratur
270 683 369 734 vulnus
383 683 413 734 in
423 679 556 742 Triballis
567 689 723 749 acceptum,
742 681 835 730 omnia
853 694 897 731 oc-

97 750 168 801 culte
182 751 380 817 praeparabat,
400 764 454 818 quo
465 747 649 802 Athenienses
663 749 829 815 improvisus
851 763 899 814 op·

93 819 235 887 primeret.
272 819 431 869 Exercitum
445 818 577 869 retinenti
594 818 719 868 obtentui
739 823 818 867 erant
832 815 898 880 llly-

85 885 198 948 riorum
210 887 351 947 nationes,
368 900 447 953 quae,
462 885 576 954 ingenio
587 885 698 936 feroces
713 890 741 934 et
755 884 899 934 servitutis

92 953 393 1020 insuetae,impositum
404 967 491 1020 nuper
500 955 595 1020 iugum
605 959 736 1004 excutere
743 951 897 1002 tentabant.

95 1019 136 1072 19.
155 1021 186 1071 ln
198 1035 247 1071 eos
258 1020 415 1071 Alexander
424 1022 540 1082 missus,
559 1021 686 1072 barbaris
698 1019 771 1072 fusis
780 1017 898 1086 fugatis·

94 1103 156 1155 que,
177 1103 237 1138 eam
251 1089 287 1138 de
304 1086 418 1137 fortuna
431 1094 514 1153 atque
529 1086 632 1138 virtute
647 1102 698 1138 sua
707 1101 783 1153 spem
796 1093 825 1136 et
834 1085 898 1136 reli-

94 1157 156 1223 quis
169 1153 249 1216 fecit,
271 1155 368 1220 etipse
380 1155 521 1221 concepit,
540 1161 571 1205 ut
583 1156 637 1205 iam
654 1156 713 1205 sine
725 1161 804 1220 patre
814 1155 898 1205 rebus

94 1221 226 1289 gerundis
237 1236 268 1273 se
278 1237 372 1340 parem
384 1223 566 1274 existimaret.
602 1223 681 1272 llaec
697 1237 746 1290 per
755 1220 897 1272 biennium

94 1293 183 1356 gesta.
220 1290 262 1338 20.
306 1287 425 1356 hilippus
446 1295 549 1351 autem,
570 1290 742 1357 praeparatis
762 1289 896 1351 omnibus,

94 1371 165 1423 quae
182 1355 247 1407 olim
263 1356 452 1408 destinaverat
465 1359 580 1425 exsequi
596 1365 732 1408 maturum
746 1362 836 1420 ratus,
852 1371 899 1407 ex-

95 1422 269 1491 optatissima
280 1427 428 1476 occasione
439 1424 547 1486 oblata,
559 1431 623 1490 ante
633 1425 741 1476 initium
752 1426 825 1490 veris
836 1439 897 1474 cum
909 1481 911 1490 .

95 1492 258 1542 exercituin
270 1491 417 1543 Graeciam
429 1493 516 1556 venit,
534 1493 695 1544 convocatis
706 1494 790 1543 etiam
801 1507 837 1543 ex
846 1491 897 1542 Pe·

93 1559 249 1624 loponneso
262 1561 351 1624 copiis
363 1561 513 1611 sociorum.
540 1561 581 1610 21.
604 1559 676 1627 Quip
696 1559 898 1627 eAmphictyo-

94 1641 158 1677 num
172 1627 287 1678 decreto
308 1634 417 1679 creatus
432 1634 492 1678 erat
505 1627 657 1694 imperator
670 1575 849 1688 graecorum,
869 1633 900 1676 ut

93 1694 271 1746 insolentiam
283 1693 448 1759 Locrorum,
460 1696 506 1763 qui
516 1695 690 1763 Amphissam
699 1695 838 1754 incolunt,
855 1709 899 1743 ca-

94 1763 223 1828 stigaret3
247 1778 362 1830 namque
380 1763 551 1832 Cyrrhaeum
571 1779 667 1832 agrum
683 1763 805 1830 Apollini
826 1763 898 1812 dica-

93 1834 166 1892 tum,
189 1829 420 1948 Anrphiotyonum
441 1834 609 1884 auctoritate
631 1836 784 1891 contemta,
804 1829 898 1880 colere

94 1911 243 1963 persevera
263 1906 319 1962 ant,
331 1901 484 1966 ducemque
497 1899 532 1949 ab
544 1897 587 1948 his
598 1896 898 1958 creatum‚·interemtis

94 1966 268 2082 puibusdam,
290 1966 512 2017 vulneraverant.
547 1967 589 2014 22.
608 1964 676 2014 Erat
693 1970 751 2014 tum
768 1961 898 2031 Philippo

108 2034 195 2084 oedus
206 2048 267 2083 cum
273 2031 503 2094 Atheniensibus3
515 2031 565 2082 sed
577 2046 672 2098 parum
681 2031 709 2081 in
721 2046 755 2082 eo
765 2031 898 2098 praesidii

94 2099 216 2151 futurum
227 2100 441 2160 arbitrabantur,
453 2100 478 2148 si
487 2098 549 2165 regi
558 2098 705 2151 violandae
717 2099 781 2151 lidei
792 2113 899 2150 merces

95 2167 257 2219 affulsisset.
293 2166 382 2234 lgitur
391 2168 502 2234 legatos
516 2166 650 2234 adipsum
661 2167 784 2230 mittunt,
798 2167 898 2235 petitu-

94 2247 152 2296 ros,
163 2240 194 2284 ut
203 2235 292 2300 pactis
303 2239 401 2298 staret,
418 2240 466 2285 aut
475 2240 551 2285 certe
563 2240 627 2285 ante
637 2249 686 2286 ver
696 2236 820 2287 adultum
830 2232 898 2285 nihil

96 2299 200 2351 hostile
218 2301 376 2366 moliretor;
397 2301 614 2354 deliberaturum
633 2304 743 2354 interea
766 2302 913 2369 populum¹

95 2365 308 2432 Atheniensem,
347 2383 381 2420 ua
390 2369 499 2421 ratione
514 2372 737 2434 controversiae,
752 2371 900 2439 quaeinci·

96 2435 204 2502 derant,
216 2450 344 2502 componi
354 2443 479 2504 possent.
515 2438 557 2489 23.
576 2436 689 2489 Thebas
703 2452 812 2506 quoque
823 2437 900 2556 lequ-

94 2505 200 2554 tionem
212 2502 375 2572 decernunt,
393 2519 463 2572 quae
474 2506 603 2574 exposito
615 2505 754 2557 communi
763 2507 859 2572 pericu
873 2519 898 2565 o,

95 2568 268 2642 hortaretur,
283 2573 314 2622 dt
327 2574 406 2624 simul
424 2587 485 2624 cum
501 2574 570 2640 ipsis
579 2573 696 2626 tutelam
707 2572 844 2624 Graeciae
855 2587 899 2623 su·

95 2639 245 2706 scipereot.
281 2639 336 2692 Sed
356 2640 500 2709 Philippus
523 2654 574 2708 per
592 2638 719 2708 hospites
737 2646 767 2690 et
784 2640 899 2700 amieos,

96 2721 211 2772 quorum
224 2707 380 2770 Timolaus,
399 2707 614 2776 'l‘heogitonque
625 2714 655 2759 et
664 2709 831 2759 Anemoetes
841 2706 900 2775 plu·
