2098 3040
362 239 512 289 LIBER
543 239 578 290 X.
608 240 701 290 CAP.
731 241 756 292 6.
914 238 962 288 405

157 344 298 410 ducesque
310 344 451 407 copiarum
464 341 647 392 advocavere.
676 339 778 392 Secuta
788 348 834 392 cat
843 339 962 392 militum

156 410 247 472 turba,
268 410 437 476 cupientium
450 410 532 470 scire,
552 408 583 458 in
599 422 679 474 quern
688 407 838 461 Alexandri
849 408 964 462 fortuna

99 482 102 492 ¹
158 485 233 531 esset
245 478 404 529 transiture.
441 479 466 528 2.
477 475 561 526 Multi
568 475 665 536 duces,
677 473 835 542 frequentia
844 476 963 527 militum

157 543 273 608 exclusi,
289 545 395 612 regiam
410 546 516 596 intrare
527 549 736 608 nonpoterant3
757 558 839 608 quum
849 559 962 609 praeco,
1033 581 1034 584 ,

157 612 281 679 exceptis
294 613 339 680 qui
353 612 515 663 nominatim
527 613 695 672 citarentur,
717 609 794 660 adire
808 609 960 675 prohibuit.

156 680 212 732 Sed
223 681 378 746 precarium
389 679 573 745 spernebatur
581 679 737 744 imperium.
760 677 784 728 3.
795 679 962 742 deprimam

156 749 273 800 eiulatus
295 749 405 814 ingens,
426 746 606 814 ploratusque
620 753 770 796 renovatus
785 750 839 795 est:
861 743 962 796 deinde
1033 765 1034 770 ¹

154 814 242 866 futuri
257 816 432 880 exspectatio
447 811 575 864 inhibitis
588 813 712 864 lacrimis
729 812 870 864 silentium
885 811 962 863 fecit.

153 885 178 933 4.
199 886 278 934 Tunc
296 881 442 944 Perdicca,
461 883 541 949 regia
555 881 626 932 sella
640 883 670 930 in
687 879 964 959 conspectumnulgi

155 953 229 1012 data,
251 951 280 1000 in
291 963 345 1016 qua
355 949 484 1000 diadema
494 949 635 1015 vestisque
646 948 796 999 Alexandri
808 963 869 998 cum
880 961 964 998 arnna

156 1024 244 1079 erant,
256 1017 394 1079 annulum,
402 1016 455 1067 sibl
466 1015 555 1082 pridie
567 1016 699 1066 traditum
712 1031 814 1083 araga,
826 1015 854 1065 in
866 1015 965 1066 eadem

155 1085 223 1138 sede
234 1085 341 1150 posuit,
360 1099 477 1152 quorum
490 1085 625 1150 adspectu
639 1099 735 1135 rursus
748 1085 865 1136 abortae
878 1083 964 1134 omni·

154 1152 206 1203 bus
225 1152 359 1204 lacrimae
378 1153 556 1219 integravere
576 1152 690 1202 luctum.
726 1153 751 1202 5.
770 1151 807 1202 Et
816 1149 963 1213 Perdicca,

154 1219 219 1288 Ego
232 1218 344 1288 quidem,
355 1221 455 1287 inquit,
466 1221 606 1282 annulum,
619 1235 670 1288 qua
680 1218 724 1270 ille
734 1217 814 1288 regni
823 1227 905 1286 atque
913 1217 964 1268 im-

152 1287 224 1354 perii
232 1287 300 1338 airer
311 1287 455 1368 obriguere
465 1295 526 1342 erat
533 1287 640 1350 entitur,
661 1287 791 1339 traditum
802 1285 835 1338 ab
846 1285 904 1354 r'arra
915 1285 963 1338 mi·

155 1355 191 1417 lu',
213 1355 295 1406 reddo
309 1356 391 1408 nabar.
428 1355 452 1406 d.
474 1355 599 1408 Ceterum
649 1372 774 1424 araquum
788 1355 862 1407 nulla
876 1355 964 1408 clades

155 1423 224 1485 duic,
246 1441 299 1490 qua
309 1421 405 1490 affecti
416 1439 513 1486 eumne,
529 1440 611 1492 par-u
643 1423 722 1474 iratis
733 1421 795 1474 Dan
811 1420 967 1493 excogitari

152 1499 249 1557 pateat,
269 1499 357 1540 tamen
367 1490 580 1556 magnitudinem
590 1506 688 1550 rerum,
704 1506 768 1556 quae
779 1491 845 1557 egit,
857 1491 963 1542 intuen-

155 1557 225 1608 tibus
240 1557 346 1620 credere
361 1557 431 1617 licet,
453 1565 559 1608 tantum
571 1555 659 1607 uirum
675 1557 737 1606 deor
751 1559 964 1609 accommodam

155 1624 233 1675 retur
245 1623 375 1684 tumente,
388 1637 502 1691 quaram
511 1630 584 1674 corte
595 1625 734 1690 completa,
747 1623 801 1676 cita
811 1631 966 1702 repeterent

156 1708 214 1744 eum
224 1707 287 1743 tuae
297 1690 384 1757 stirpi.
420 1692 445 1740 ¹l.
465 1689 583 1742 Proinde
594 1689 721 1758 quonium
730 1690 800 1741 nittt
807 1691 882 1742 claud
889 1707 923 1746 ex
932 1709 962 1742 eu

155 1767 282 1828 superest,
305 1774 384 1826 quam
399 1759 471 1825 quud
482 1773 584 1825 temper
600 1758 634 1808 ab
646 1757 850 1809 immortalitate
862 1757 962 1810 reduci-

156 1836 210 1890 tur,
232 1826 341 1893 carnari
355 1825 509 1893 nominique
519 1825 724 1894 quamprimum
734 1825 805 1876 iaetu
814 1827 964 1890 redeuntum·

155 1893 323 1958 haudoblr'ti,
334 1894 362 1945 r‘n
374 1910 427 1962 aaa
437 1893 511 1954 urbe,
523 1893 594 1945 inter
603 1909 667 1960 quar
677 1891 767 1958 rimus,
774 1893 848 1960 quali
857 1905 922 1962 rege
931 1910 964 1944 uc

150 1963 276 2030 praeside
293 1961 409 2030 epoliatt'.
446 1962 471 2012 8.
494 1959 678 2013 Tractandum
693 1970 740 2023 ert,
762 1960 962 2023 commilitones,

156 2030 394 2097 cogitandumque,
404 2038 437 2081 ut
444 2029 586 2082 victorium
592 2039 704 2096 partam
713 2029 785 2081 inter
795 2029 852 2093 leur,
865 2029 895 2080 de
923 2029 962 2080 ιη’-

156 2099 203 2150 bur
210 2107 294 2165 parte
303 2107 351 2159 ert,
363 2097 630 2165 abtimrepoerimur.
644 2097 740 2165 Capite
750 2113 815 2165 apua
826 2107 873 2148 ret.
920 2114 962 2148 or-

155 2183 187 2218 ne
198 2182 261 2228 uno,
273 2181 309 2215 an
317 2165 449 2230 pluribus,
459 2165 489 2217 r'n
498 2173 588 2218 neutra
593 2173 729 2234 potestate
740 2174 787 2216 eet.
815 2164 887 2216 Illud
895 2163 964 2217 crire

156 2235 263 2295 temen,
283 2233 427 2284 militarem
445 2232 501 2284 tine
520 2233 585 2286 duce
604 2233 710 2284 trrrbam
725 2249 755 2284 ca
791 2249 820 2284 ue
835 2249 890 2286 ecee
907 2233 964 2284 riae

155 2302 262 2370 spirita.
298 2299 323 2352 9.
343 2301 439 2352 Sextus
459 2299 554 2353 menrr‘r
573 2310 620 2363 eet,
641 2317 674 2354 ex
694 2249 869 2369 qucffuxane
882 2319 964 2370 prae·

153 2375 242 2437 gnane
263 2378 310 2422 ert.
349 2365 495 2436 Optamus,
507 2377 540 2420 ut
557 2385 658 2422 marem
676 2369 808 2422 enitatur.-
827 2371 901 2422 cuiue
923 2387 964 2420 re·

154 2453 247 2503 gnum,
259 2435 321 2488 Dm
331 2437 694 2507 approbantibur,firturum,
706 2438 864 2506 quandoque
875 2437 963 2489 adole·

66 2497 74 2516 '
156 2504 232 2554 uerit.
268 2504 381 2557 Interim
401 2522 417 2556 a
438 2505 531 2572 quidue
551 2505 613 2574 regi
629 2505 723 2568 uelitir,
745 2506 884 2558 destinate.
922 2506 964 2554 10.

156 2572 236 2623 llaec
247 2571 392 2625 Perdicca.
428 2575 499 2624 Turn
510 2571 665 2637 Nearchus,
684 2574 838 2626 Alexandri
849 2569 964 2640 [modo]

158 2642 322 2708 sanguinem
341 2656 374 2692 ac
394 2643 509 2710 stir'pem
528 2640 625 2711 regiae
645 2643 786 2695 maiestati
804 2642 965 2702 contenire,
1033 2659 1034 2662 ¹

156 2707 303 2771 nerninem,
315 2709 363 2771 ait,
373 2725 457 2776 posse
469 2710 572 2762 mirari.
609 2712 650 2762 ll.
665 2711 795 2762 ceterum
806 2709 966 2778 exspectari

156 2776 278 2828 nondum
291 2784 380 2828 artum
390 2793 486 2846 regern
498 2785 535 2844 et,
556 2781 603 2848 qui
613 2780 668 2832 iam
681 2780 726 2843 sit,
739 2779 898 2847 praeteriri,
913 2792 968 2829 nec

975 2905 1034 3018 Ι
