2082 3042
119 177 169 230 tto
238 175 272 236 u.
292 173 435 225 cua'ru
453 172 531 224 ura.
549 172 634 224 νιιι.
654 147 737 226 cnr.
759 171 798 221 ιι.

119 277 167 346 qui
176 283 209 328 ut
218 291 250 328 se
260 272 397 336 submisit,
419 275 507 324 ceteri
518 287 638 340 quoque,
656 273 708 335 (ita
719 273 791 323 enim
801 271 932 324 instituti

119 344 221 404 erant)
232 343 368 394 demisere
379 355 498 408 corpora
507 341 535 391 in
546 345 657 391 terram.
677 340 718 390 Ea
728 353 773 390 res
786 339 932 390 etPorum

118 417 148 466 et
157 416 269 466 ceteros
281 409 434 461 victoribus
445 405 570 459 tradidit.
606 408 647 458 to.
666 407 727 458 Rex
735 407 854 473 spoliari
864 423 931 458 cor·

117 494 169 547 pus
181 476 263 540 Pori,
273 478 451 529 interemtum
461 489 523 526 esse
534 474 664 536 credens,
674 475 769 536 iussit,
781 476 868 542 etqui
879 475 931 526 de-

117 543 262 597 traherent
272 545 389 596 lorioam
399 549 570 610 restemque,
578 555 761 606 concurrere3
773 558 856 610 quum
865 543 930 594 bel-

117 613 166 664 lua
176 612 317 664 dominum
326 611 409 674 tueri,
420 617 449 662 et
458 610 612 676 spoliantes
623 609 719 677 coepit
728 617 875 677 appetere,
886 611 930 661 le·

117 687 266 746 ratumque
277 693 378 747 corpur
389 678 450 730 eius
456 691 553 729 rursus
559 675 643 728 dorso
652 691 703 728 suo
709 677 864 744 imponere.
875 679 929 730 Er·

119 762 155 815 go
165 747 231 799 telis
242 747 364 815 undique
376 745 516 807 obruitur3
528 744 717 811 confossoque
725 743 929 808 emino-eiricu-

117 815 174 866 lum
190 813 280 866 Porus
299 815 458 882 imponitur.
494 813 537 865 41.
557 812 645 873 Quem
661 827 713 864 rex
723 819 756 863 ut
768 813 839 863 vidit
857 813 930 864 alle·

117 887 230 933 vantem
244 881 351 943 oculos,
371 896 428 932 non
443 880 520 944 odio,
541 879 593 931 sed
604 880 787 931 miseratione
802 891 928 932 commo·

118 956 172 1012 tus,
196 946 281 1012 Quae,
300 949 407 1010 malum,
426 948 456 1000 in
476 950 525 1009 uit,
546 945 664 998 amentia
678 954 704 998 te
715 947 811 1016 cotgit,
833 963 927 1000 rerum

66 1053 69 1061 .
118 1015 456 1088 cneorumcognitafamo,
486 1013 530 1066 elli
530 1013 679 1084 fortunam
689 1014 822 1082 traserici,⁸
843 1030 927 1084 poem

121 1081 228 1136 Taxilen
249 1091 318 1136 ercet
328 1082 358 1135 in
373 1083 474 1135 deditos
491 1081 644 1134 clementiae
657 1097 730 1134 meae
744 1090 800 1134 tam
809 1082 926 1151 propin·

119 1149 268 1220 quantita·
286 1152 448 1218 exemplum?
473 1151 515 1202 ti.
535 1151 638 1213 stille,
661 1147 803 1214 Quoniam,
822 1151 926 1218 inquit,

116 1216 295 1286 percontaris,
305 1233 346 1268 ret
366 1218 466 1270 ondeta
476 1234 509 1270 ea
518 1218 650 1280 libertate,
662 1231 742 1286 poam
750 1217 854 1270 interro
877 1233 926 1270 an·

119 1282 269 1362 defecisti.
316 1234 453 1336 Neminem
472 1300 513 1337 me
529 1285 680 1354 fortiorem
702 1300 757 1337 este
777 1233 926 1338 cenredum.

121 1349 194 1403 Meet
205 1365 274 1401 enam
284 1366 409 1402 nocerem
420 1351 497 1415 viret,
509 1353 628 1405 nondum
637 1361 761 1420 mertare
772 1360 846 1432 taor:
858 1352 926 1433 sor-

119 1418 324 1482 tioremmete,
346 1418 631 1473 dettidocuiteoentur.
668 1420 927 1488 Sednercrqurdem

114 1485 367 1556 porumfetixsum,
388 1488 516 1540 secundus
530 1489 587 1541 titt.
623 1489 665 1541 ¹13.
685 1489 791 1540 Rursus
804 1491 926 1540 interro·

139 1560 211 1617 atus,
232 1555 298 1622 quid
311 1555 371 1621 ipse
388 1557 522 1607 rictorem
534 1562 657 1608 statuere
670 1556 772 1609 debere
783 1563 925 1619 censeret3

118 1569 202 1686 {aad
209 1621 367 1688 ttainquit,
374 1623 428 1673 dies
440 1623 490 1684 tide·
498 1624 600 1690 suadet,
608 1640 659 1691 quo
670 1632 794 1691 expertus
804 1639 839 1686 et,
864 1640 927 1676 uam

119 1689 222 1742 caduca
234 1689 357 1760 felicitat
377 1699 450 1740 erret.
486 1691 527 1740 44.
548 1691 615 1742 Plus
633 1691 773 1743 monendo
793 1641 925 1760 proderit,

119 1759 237 1825 quamsi
247 1764 376 1824 precatus
388 1763 471 1808 esset.
492 1757 600 1825 Quippe
611 1759 829 1826 magnitudinem
841 1761 925 1812 animi

120 1825 181 1876 eius
191 1827 356 1886 interritam,
368 1839 401 1875 ae
413 1839 446 1876 ne
457 1824 571 1876 fortuna
581 1826 692 1893 quidem
702 1824 858 1888 infractam,
870 1843 926 1879 noa

119 1893 314 1945 misericordia
325 1892 419 1954 modo,
441 1892 491 1943 sed
505 1893 589 1944 etiam
602 1891 729 1957 honore,
740 1895 871 1963 excipere
886 1894 925 1946 di·

120 1967 220 2030 gnatus
232 1965 283 2020 est.
319 1959 360 2009 45.
371 1960 491 2026 Aegrum
502 1961 610 2012 curarit
621 1959 695 2011 haud
705 1974 797 2025 secus,
808 1975 890 2029 quam
901 1962 925 2013 si

119 2043 170 2094 pro
199 2028 262 2094 ipso
278 2033 456 2094 pugnasset:
486 2028 691 2089 confirmatum,
721 2035 820 2080 contra
848 2043 924 2096 spem

120 2096 242 2147 omnium
250 2094 280 2145 in
292 2095 444 2146 amicorum
454 2110 597 2147 numerum
607 2096 725 2163 recepit:
735 2111 802 2148 mox
811 2097 925 2148 donavit

119 2162 254 2229 ampliore
264 2177 449 2229 regno,quam
459 2165 556 2215 tenuit.
575 2162 616 2218 to.
627 2163 686 2214 Nec
697 2178 765 2216 sane
776 2164 924 2233 quidquam

118 2231 262 2297 ingenium
274 2233 334 2280 eius
345 2230 464 2282 solidius
475 2237 523 2282 aut
533 2233 706 2283 constantius
717 2229 823 2295 habuit,
844 2247 924 2300 quam

120 2296 332 2350 admirationem
351 2313 434 2350 verae
454 2299 545 2372 laudis
566 2306 595 2351 et
610 2300 727 2367 gloriae.
764 2299 922 2371 Simplicius

118 2370 213 2414 tamen
231 2363 333 2415 famam
353 2365 520 2418 aestimabat
537 2369 566 2418 in
585 2365 681 2430 hoste,
702 2382 783 2435 quam
802 2370 831 2420 in
854 2369 921 2420 cive.

120 2431 229 2499 Quippe
244 2446 261 2480 a
276 2433 333 2483 suis
349 2433 482 2485 credebat
494 2433 713 2502 magnitudinem
728 2450 804 2488 suam
817 2434 923 2486 de'stmi

118 2513 215 2570 posse3
228 2499 344 2551 eandem
355 2500 503 2553 clariorem
513 2500 585 2564 fore,
597 2518 653 2571 quo
663 2503 784 2555 maiores
794 2501 923 2564 fiderent,

119 2581 189 2633 quos
200 2567 263 2634 ipse
271 2567 396 2618 vicisset.
