2054 3030
187 141 190 148 ’
244 155 558 209 surensmsuun.
577 112 654 209 uie.
674 157 711 208 11.
733 123 999 254 cqibilpgssxeeit

885 213 904 251 Γ
932 223 949 254 's

156 271 245 326 prope
255 266 418 325 perpetuum
429 263 480 310 est.
518 257 559 310 19.
571 260 607 310 At
616 257 784 323 Alexander}
808 273 809 276 ¹
842 261 847 272 “
873 226 1009 328 aedilem

156 340 191 376 ac
200 339 306 378 moram
316 332 451 388 metuens,
463 327 615 380 exercitum
628 341 678 392 per
689 341 813 395 acqua,p
884 317 963 408 {quial

157 393 258 444 eodem
269 393 369 444 ardore
383 399 466 461 atque
480 395 587 460 impetu
601 394 735 460 rapiebat.
755 429 757 436 ,
771 395 903 448 Cuntinus
912 409 963 461 per

158 475 209 526 eos
220 459 283 512 dies
290 461 377 512 austri
386 459 530 524 flaverant,
547 461 680 528 quimare
689 463 718 514 in
727 461 794 513 litus
804 462 961 530 propellen-

156 536 213 589 tes,
231 528 323 580 omnia
338 528 448 580 itineris
462 529 583 596 vestigia
598 528 664 580 altis
677 527 823 593 paludibus
835 529 960 597 opplent:

156 594 286 647 assiduae
306 596 391 650 etiam
409 609 582 664 magnaeque
603 594 725 662 plumae,
744 602 775 646 ut
794 599 883 648 ventis
897 597 961 648 istis

152 661 960 795 {tittlttiitttlitstttibialia}ii·

153 796 268 860 huillus,
284 797 373 848 undas
384 796 486 848 reiecit
494 797 523 846 in
534 811 620 859 mare,
638 801 667 846 et
675 795 878 847 Macedonibus
889 801 961 849 tran-

154 867 239 916 situm
250 865 369 931 aperuit.
406 863 453 915 Sic
465 878 520 928 quo
541 876 575 914 ue
589 863 670 914 unius
686 863 853 914 dieiitinere
863 864 961 930 periu-

154 937 233 983 certa
242 931 315 982 vada
325 879 593 998 emergendumbuit,
607 945 678 998 aqua
689 930 725 982 ad
735 927 897 982 umbilicum
907 929 961 980 fer-

152 1012 200 1050 me
209 997 398 1064 pertingente.
433 999 475 1048 21.
496 999 614 1049 Tantam
628 999 657 1048 in
666 997 801 1064 periculis
811 997 961 1049 Alexandri

153 1065 296 1126 fiduciam,
307 1065 348 1115 uti
359 1063 393 1114 ab
403 1065 491 1131 ipsius
500 1066 615 1134 ingenio
625 1064 959 1132 profectamnondubito‚

153 1132 197 1183 ita
206 1131 399 1199 frequentibus
408 1132 545 1200 prodigiis
557 1138 586 1184 et
596 1133 733 1185 ominibus
740 1139 850 1185 auctam
861 1133 960 1184 confir-

154 1205 312 1318 matamque
321 1199 409 1251 tuisse
419 1200 598 1264 crediderim,
618 1206 765 1270 postquam
777 1201 895 1268 decreto
910 1216 959 1252 nu-

151 1268 246 1331 minis,
257 1281 272 1318 c
284 1267 418 1319 arissimis
428 1268 610 1335 maximisque
620 1268 740 1322 rebusse
748 1268 884 1320 destinari
894 1283 958 1321 oon-

79 1387 80 1390 ,
150 1336 230 1388 iecit.
265 1336 307 1386 22.
325 1333 422 1387 Adhuc
434 1337 464 1386 in
477 1336 646 1388 Macedonia
660 1335 773 1404 degenti
787 1338 896 1403 species
909 1333 957 1387 bu-

150 1418 234 1454 mana
249 1403 396 1471 augustior
410 1406 573 1470 apparuisse
589 1403 691 1456 dicitur
704 1405 857 1468 monentis,
876 1409 908 1455 ut
922 1404 958 1454 ad

152 1469 331 1524 evertendum
359 1472 505 1539 imperimn
530 1471 675 1524 Persicum
701 1472 900 1552 quamprimum
928 1471 957 1521 in

150 1540 246 1591 Asiam
261 1543 437 1605 sequeretur:
452 1545 538 1606 atque
552 1538 583 1589 in
597 1539 759 1590 memoriam
771 1539 904 1590 1nsomnii
915 1553 957 1588 re-

149 1611 281 1660 vocatum
291 1620 354 1658 esse
366 1619 476 1673 regem,
497 1621 579 1674 quum
589 1606 618 1659 in
627 1604 767 1658 Phoenice
778 1620 824 1658 res
835 1611 957 1673 gereret,

151 1674 236 1726 obvio
247 1674 413 1726 ludaeorum
424 1673 582 1734 secerdote,
597 1674 626 1723 in
637 1687 691 1740 quo
701 1674 869 1740 recognovit
879 1686 957 1722 orna-

147 1749 219 1805 tum,
239 1755 321 1810 quem
334 1739 442 1806 pridem
457 1740 487 1790 in
501 1739 612 1790 obiecta
626 1740 746 1806 imagine
764 1754 814 1805 per
836 1740 958 1804 quietem

148 1809 268 1861 viderat.
304 1809 346 1860 23.
361 1806 432 1858 Nam
441 1807 515 1857 inter
530 1805 706 1856 obsidionem
719 1806 790 1870 Tyri
805 1805 903 1856 vicinis
916 1819 958 1855 re·

150 1878 233 1946 gibus
253 1876 421 1944 populisque
436 1873 608 1926 deditionem
623 1878 651 1924 et
665 1871 790 1924 delectus
806 1872 957 1938 imperave-

148 1951 204 1998 rat.
241 1943 298 1996 Sed
307 1944 416 2007 ludaei,
437 1943 484 2011 qui
495 1941 698 2009 Hierosolyma
709 1938 846 1992 famosam
862 1938 958 1990 urbem

147 2011 298 2074 tenebant,
315 2011 417 2063 foedus
436 2026 497 2062 cum
516 2008 603 2062 Dario
631 2008 751 2071 causati,
771 2007 956 2059 Macedonum

149 2079 302 2132 amicitiam
317 2079 518 2130 detrectabant.
552 2078 594 2130 24.
614 2077 683 2128 Eam
703 2077 795 2144 gentis
815 2079 955 2126 contuma-

147 2150 222 2202 ciam
232 2148 387 2214 puniturus,
398 2147 428 2197 in
437 2146 568 2198 iudaeam
579 2144 684 2196 infesto
699 2144 809 2214 agmine
822 2142 954 2209 perrexit.

145 2219 184 2269 At
194 2215 457 2282 Hierosolymitani‚
469 2220 501 2265 ut
508 2214 585 2281 regis
595 2213 666 2264 iram
676 2211 804 2272 lenirent,
817 2225 879 2261 cum
888 2223 955 2261 uxo-

145 2285 227 2337 ribus
245 2283 341 2334 liberis
362 2296 397 2333 ue
413 2281 553 2348 supplices
567 2281 596 2330 in
612 2293 757 2331 occursum
768 2278 903 2330 venientis
916 2277 955 2329 ef-

147 2352 313 2403 funduntur.
345 2298 517 2402 §scerdotes
530 2348 612 2414 primi
627 2347 706 2398 ibant
719 2347 881 2398 tenuissima
890 2346 955 2414 bys-

148 2433 184 2471 so
195 2419 303 2470 amictis
314 2416 366 2470 hos
380 2417 480 2468 deinde
489 2416 609 2483 populus
620 2411 739 2466 candido
747 2416 842 2482 etipse
853 2415 955 2467 vestitu

147 2487 329 2554 sequebatur.
363 2488 469 2553 Agmen
480 2483 599 2536 ducebat
609 2481 719 2545 laddus,
730 2495 851 2534 summus
862 2494 955 2533 sacro-

144 2571 210 2608 rum
225 2554 357 2616 antistes,
377 2568 439 2605 cum
452 2551 583 2604 sollemni
600 2556 707 2601 ornatu.
744 2549 785 2602 25.
805 2548 955 2617 appropin-

144 2623 261 2692 quantis
270 2636 388 2690 pompae
398 2625 572 2672 venustatem
582 2618 758 2686 speciemque
769 2618 884 2668 miratus
896 2627 955 2674 rex,
1012 2671 1013 2674 Ἴ

143 2707 222 2760 equo
234 2690 380 2753 desiliens,
400 2689 477 2741 solus
492 2687 640 2756 processit,
657 2686 830 2804 adqrqtoque
845 2682 899 2732 Dei
908 2693 954 2730 no-

758 2865 1013 2998 ‘l
