2036 3030
92 205 125 254 ab
277 199 414 251 losum.
431 200 711 254 FREINSHEMII

91 300 223 356 interemi.
262 299 314 352 Cei
322 300 347 351 si
355 315 411 352 meo
422 300 549 368 supplicio
556 301 701 368 parentari
709 301 807 363 iubeas,
819 302 896 365 emet,

92 371 219 421 honestae
229 365 334 420 mulieri
338 375 403 434 poet
412 376 546 420 extortum
554 368 713 435 pudicitiam
723 368 820 436 spiritu
828 369 902 421 nihil

91 437 168 488 vilius
178 451 248 489 este:
267 451 342 502 quem
352 443 485 502 utcunque
494 437 622 502 erpellere
624 436 812 506 festinaveris,
833 452 893 489 tere

90 503 203 565 moriar,
213 501 479 570 pudoripatriaeque
491 512 629 570 superstes.
667 503 708 554 33.
727 504 895 568 Alexander,

92 572 208 638 cognita
227 585 320 633 causa,
340 569 478 622 Thracem
496 571 558 622 iure
573 573 901 636 caesump1·onuntiavit;

91 638 255 704 neque'sibi
276 638 387 704 placere
412 637 542 704 ingenuis
565 638 728 690 mulieribus
749 639 804 688 vim
823 640 898 690 fieri:

92 706 334 773 collaudatamque
345 705 486 768 feminam,
507 720 569 756 cum
580 705 716 768 omnibus,
738 708 786 773 qui
796 721 899 773 cogna-

91 775 169 825 tione
180 775 267 840 ipsam
278 775 458 842 attingerent,
477 773 594 825 liberem
606 787 669 824 esse
679 773 775 835 iussit3
794 780 824 824 et
842 788 899 840 quo

92 843 209 911 quisque
220 842 307 893 vellet
317 840 481 892 discedendi
492 847 661 907 potestatem
672 839 750 894 fecit.
784 840 824 891 34.
846 839 900 890 Pe-

90 911 181 976 percit
200 915 228 961 et
246 908 362 960 Pindari
382 908 517 974 posteris,
539 909 569 958 in
588 907 723 960 honorem
742 909 830 970 vatis,
851 909 901 974 qui

89 993 223 1046 proavum
244 976 321 1043 regis
331 974 518 1026 Alexandrum
528 977 695 1029 carminibus
706 975 764 1026 suis
775 975 900 1026 inserue-

91 1051 145 1109 rat3
157 1045 301 1112 ipsiusque
312 1042 423 1093 domum
433 1044 551 1094 cremari
559 1043 659 1114 uetuit.
690 1043 731 1094 85.
750 1041 814 1094 Non
825 1044 900 1094 enim
911 1045 914 1050 ’

91 1117 266 1182 praesentem
276 1115 383 1161 tantum
392 1111 523 1160 virtutem
534 1113 680 1172 adamavit,
701 1124 797 1161 verum
815 1111 901 1161 etiam

90 1180 254 1232 memoriam
264 1177 735 1243 magnorumvirorumreverentia,
757 1185 786 1228 et
796 1191 901 1244 proge-

91 1249 165 1300 niem
176 1244 443 1296 illorumbenellciis
458 1250 625 1309 prosecutus
641 1250 693 1296 est.
730 1244 771 1296 36.
791 1244 861 1296 Nam
872 1251 903 1296 et

91 1319 211 1382 postea,
241 1328 324 1378 quum
343 1319 485 1377 postremo
510 1310 619 1377 proelio
639 1311 755 1362 Darium
775 1313 901 1374 vicisset,

94 1381 266 1434 crotoniatis
277 1379 397 1447 praedae
407 1385 515 1444 partem
525 1380 610 1442 misit,
621 1379 803 1448 quudXerxis
812 1378 901 1442 bello,

95 1443 198 1501 ceteris
210 1445 380 1499 Graecorum
392 1447 511 1498 coloniis
531 1446 565 1498 de
587 1446 706 1498 Graecia
729 1447 901 1512 desperanti-

93 1517 155 1577 bus,
171 1513 290 1582 Phayllo
302 1515 371 1565 duce
382 1514 524 1566 triremem
534 1529 617 1565 unam
628 1514 663 1566 ad
673 1514 841 1568 Salaminem
851 1515 902 1565 mi·

94 1585 207 1634 sissent:
225 1588 254 1633 et
263 1582 445 1633 Plataeenses
456 1580 563 1634 honore
573 1582 709 1649 donisque
720 1581 825 1643 affecit,
837 1582 904 1648 quia

94 1651 217 1702 maiores
236 1665 333 1701 eorum
347 1648 464 1701 Graecis
484 1649 617 1701 adversus
627 1650 803 1702 Mardonium
819 1663 902 1716 proe-

94 1718 227 1776 liantibus
238 1733 334 1786 agrum
345 1734 423 1770 suum
434 1717 508 1770 dono
519 1718 663 1770 dederant.

146 1854 221 1908 xlv.
248 1855 329 1905 Hanc
340 1852 536 1905 Thebanorum
556 1852 664 1904 cladem
683 1853 771 1905 multa
792 1858 905 1904 ostenta

96 1927 318 1988 praecesserunt.
355 1921 457 1971 Tribus
477 1927 541 1971 ante
561 1919 721 1982 mensibus,
741 1935 822 1987 quam
842 1921 905 1972 hle·

96 1991 203 2041 xander
222 1990 390 2048 advenisset,
410 1988 439 2036 in
456 1985 522 2036 iano
543 1987 664 2050 cereris,
685 2000 756 2054 quae
770 1985 905 2039 Thesmo-

98 2055 203 2122 phoros
215 2055 380 2122 appellatur,
401 2059 553 2120 conspecta
565 2059 607 2105 est
617 2068 736 2106 araneae
747 2055 806 2105 tela
815 2055 908 2121 nigra,

100 2140 183 2191 quum
194 2124 269 2174 circa
278 2128 387 2186 tempus
396 2118 563 2172 Leuctricae
574 2135 692 2188 pugnae,
713 2136 767 2189 qua
776 2136 822 2172 res
833 2120 906 2173 The·

98 2192 217 2243 bonoad
227 2204 362 2242 summum
372 2186 518 2240 felicitatis
530 2188 906 2252 evectafuit‚candidacont·
1004 2219 1005 2224 =

57 2261 60 2268 '
101 2260 249 2326 paruisset.
285 2259 309 2307 l.
329 2254 370 2306 Ad
391 2253 461 2306 haec
481 2255 531 2306 sub
556 2256 702 2309 adventum
721 2255 908 2308 Macedonum

101 2325 233 2377 sudantes
244 2324 272 2374 in
283 2322 347 2375 loro
358 2329 477 2384 statuae,
499 2337 569 2384 eque
580 2323 643 2375 lacu
654 2323 727 2391 apud
738 2321 909 2376 Onchestum
966 2319 968 2324 '

100 2391 192 2443 tristis
201 2396 338 2508 ιιιιιξιωε,
359 2383 620 2458 etprodigio'sosan
662 2393 707 2442 ine
718 2389 806 2442 llueus
815 2389 910 2452 Dirce,
1003 2447 1004 2460 χ

103 2469 211 2512 terrere
232 2473 248 2508 o
269 2459 388 2510 stinatos
407 2463 555 2524 poterant,
584 2459 639 2510 nisr
662 2459 817 2510 destinatos
840 2459 911 2511 sorti

104 2541 172 2580 suae
183 2525 316 2592 superbia
325 2525 503 2592 perdidisset.
539 2526 563 2577 3.
585 2525 694 2593 Quippe
703 2525 840 2578 maiorum
853 2526 911 2594 glo·

103 2596 174 2648 riam
184 2595 334 2666 intuentes,
343 2609 360 2644 a
369 2608 487 2663 quorum
496 2592 621 2644 uteribus
630 2594 715 2710 leafe
726 2599 915 2654 recesserant,

105 2669 135 2716 et
145 2663 174 2714 in
184 2661 341 2730 disparibus
351 2660 457 2714 artibus
468 2658 585 2711 eandem
601 2659 655 2710 sibi
686 2665 813 2712 omunam
831 2659 913 2728 polli-
936 2701 941 2712 .

106 2731 163 2794 eiti,
185 2730 293 2800 patriae
309 2731 416 2782 ruinam
432 2725 669 2790 acceleraverunt,
688 2727 916 2794 quomadversus
1002 2739 1003 2802 t

792 2821 795 2828 ι
1002 2803 1003 2841 l
