2036 3030
115 129 117 137 ¹
140 171 259 248 lOANN.
277 171 445 228 FbaiNsfl.
465 171 590 225 SUPPL.
610 173 642 224 L.
654 175 688 226 li.
702 174 731 224 C.
745 176 767 223 l.
823 175 856 226 5¹1

49 292 106 346 goa
117 277 250 342 spadone,
261 276 317 342 qui,
332 273 409 327 cho
421 290 489 342 rege
500 281 528 326 et
538 275 638 328 deinde
649 276 707 326 filio
720 275 856 329 eiusArse

49 361 111 396 cum
129 350 193 394 tota
207 358 302 394 eorum
320 341 403 394 domo
423 343 584 404 exstinctis,
602 343 761 410 imperium,
780 343 855 411 quod

49 413 104 464 sibi
113 411 258 462 vindicare
268 425 323 460 non
335 416 453 476 poterat,
460 411 503 462 sui
513 409 644 462 beneficii
653 409 733 472 iecit,
741 426 854 476 perren-

50 494 110 529 nem
127 478 182 528 sibi
196 478 313 546 gratiam
331 477 473 544 pollicitus
488 477 562 543 apud
581 491 659 542 eum,
679 493 761 545 quem
774 485 854 534 tante

48 559 165 596 munere
176 545 355 596 devinxisset.
391 547 417 596 2.
435 543 496 596 Nec
506 554 598 595 tamen
613 543 744 612 indiguus
754 560 788 598 ea
798 545 855 600 for·

49 621 116 664 tuna
126 612 230 665 Darius
244 612 316 679 apud
331 613 481 678 populares
492 609 657 664 habebatur:
672 627 734 664 nam
745 615 856 666 etiama

50 686 134 747 gente
145 681 225 747 regia
234 695 290 732 non
306 680 415 730 alienus
426 686 496 731 erat.
533 679 643 745 Quippe
654 678 773 730 Ostanes
785 679 856 733 Ochi

49 749 295 814 patruusArsanen
305 748 574 815 genuerat,Arsanes
585 745 783 798 Codruannum.
810 747 857 800 Sic

50 816 123 866 enim
135 815 300 876 vocabatur,
317 815 381 866 dum
391 817 518 879 privatus
534 819 622 876 esset3
636 813 686 864 aed
696 813 725 866 in
736 814 804 880 Cyri
814 832 858 868 so·

50 883 116 933 lium
137 882 308 944 collocatus,
327 895 406 932 more
428 881 547 947 quodam
567 879 728 944 Persarum,
748 882 857 934 eiurato

49 951 139 1001 veteri
165 950 292 1010 nomine,
315 947 419 998 Darius
440 947 578 1014 appellari
598 947 696 1000 voluit.
732 948 857 1002 aBeilo

51 1032 165 1084 quoque
176 1023 328 1083 spectatus,
336 1029 419 1066 caeso
426 1030 461 1066 ex
470 1013 768 1082 provocationehosta
775 1032 859 1084 quum

52 1086 188 1136 adversus
206 1082 343 1135 Cadusios
356 1082 461 1136 bellum
475 1089 588 1150 gereret
602 1081 710 1145 Ochus,
730 1099 859 1152 maguam

50 1151 329 1217 unudsopinionem
341 1157 495 1218 pepererat.
531 1151 587 1204 Hic
597 1153 767 1205 aconditore
778 1152 859 1220 regni

52 1220 127 1286 Cyre
146 1219 271 1270 decimus
285 1219 403 1286 imperio
414 1217 564 1274 Persarum
578 1217 708 1285 praefuit.
744 1221 770 1272 A.
788 1220 860 1276 Nam

53 1285 147 1339 Ochus
159 1289 340 1338 Artaxerxem
359 1293 478 1354 patrem,
497 1286 546 1337 ille
564 1287 680 1338 Darium
700 1295 857 1358 exceperat.
947 1285 954 1298 '

51 1354 300 1408 HuicArtaxcrxes
313 1369 428 1422 regnum
438 1355 671 1420 reliquiaiieru's
682 1355 765 1407 filius.
789 1356 858 1408 Xer·

52 1437 101 1472 xes
110 1423 201 1474 Dario
213 1422 284 1489 patri
294 1423 440 1484 successit,
452 1423 498 1489 qui
509 1423 652 1490 Hystaspe
663 1425 784 1490 genitus,
794 1432 860 1490 post

54 1491 221 1542 exstinctum
235 1492 264 1542 in
278 1490 414 1559 Gamb‘yse
430 1489 498 1557 Cyri
511 1491 690 1557 sanguinem,
702 1491 805 1542 illustri
818 1507 860 1544 se·

53 1563 126 1621 ptem
140 1559 291 1610 Persarum
310 1559 531 1624 conspiratione,
544 1559 690 1624 imperium
705 1559 799 1626 Magis
813 1575 860 1614 ex·

54 1626 144 1676 torsit.
178 1626 206 1676 ,5.
227 1624 284 1677 Sub
299 1623 342 1676 his
357 1627 471 1692 regibus
487 1639 538 1692 per
552 1626 688 1677 ducentos
702 1633 736 1678 et·
744 1628 862 1694 triginta

55 1689 139 1745 ferme
160 1708 251 1744 annos
271 1707 317 1743 res
337 1692 486 1743 Persarum
505 1694 577 1744 mira
596 1691 735 1744 felicitate
751 1693 860 1746 floruit:

56 1761 164 1814 acribus
175 1759 277 1822 initiis,
291 1761 355 1810 dum
367 1759 445 1810 rudis
459 1760 495 1810 ad
504 1759 663 1825 voluptates
677 1761 755 1810 natio
766 1776 817 1824 pro
829 1762 862 1810 li-

55 1823 176 1893 bonate,
198 1828 359 1896 gloriaque,
380 1832 408 1877 et
431 1826 532 1892 opibus
556 1826 682 1876 animose
702 1827 861 1876 dimicabat.

57 1889 80 1942 b.
100 1893 276 1950 Procedente
291 1903 431 1961 tempore,
451 1899 517 1960 post
537 1907 599 1945 uam
614 1893 737 1960 praemia
750 1893 862 1946 virtutis

57 1959 148 2028 adepti
158 1964 338 2026 videbantur,
352 1962 443 2027 ipsam
456 1909 657 2028 postbabuere
672 1976 726 2014 non
737 1965 793 2011 tam
804 1963 863 2014 suis

58 2027 160 2082 viribus
173 2032 241 2094 tuti,
259 2047 340 2098 quam
356 2030 431 2082 fama
444 2029 587 2097 potentiae
602 2045 618 2080 a
631 2029 784 2082 maioribus
802 2044 862 2096 par-

59 2097 115 2158 tae,
129 2114 237 2167 usuque
252 2099 425 2161 divitiarum,
440 2099 540 2166 quibus
556 2096 628 2149 baud
640 2096 735 2164 paullo
749 2096 862 2149 felicius

15 2187 19 2202 v
61 2167 314 2229 contracturos,
335 2183 416 2235 quam
434 2167 531 2229 armis,
552 2167 742 2218 decertavere.
777 2165 802 2216 7.
821 2165 862 2215 Ad

60 2238 227 2291 Postremum
246 2235 355 2302 itaque,
380 2250 463 2302 quum
486 2233 619 2286 adversus
638 2231 790 2284 Alexandri
808 2234 863 2286 vim

62 2308 125 2348 auro
143 2317 240 2370 parum
256 2303 454 2370 proficeretur,
465 2301 595 2368 omnique
610 2306 788 2366 externaope
801 2300 863 2362 abs-

62 2365 187 2440 sstdente,
204 2369 317 2422 sibimet
331 2371 401 2436 ipsis
411 2369 584 2422 innitendum
599 2374 688 2430 esset,
700 2367 783 2420 animi
795 2368 863 2421 deli-

63 2430 110 2506 cris
122 2443 151 2486 et
158 2439 278 2492 mollitie
293 2436 376 2490 fracti
392 2436 600 2503 effeminatique
617 2435 746 2487 fortunae
755 2440 863 2490 ruentis

62 2508 189 2564 mpetum
208 2522 265 2558 non
285 2507 485 2558 sustinuerunt.
525 2503 550 2554 8.
571 2503 679 2570 Quippe
698 2503 863 2557 industriam

65 2573 172 2629 egestas
186 2574 274 2638 acuit;
288 2571 458 2624 affluentiam
472 2587 565 2623 rerum
575 2571 657 2623 luxus
669 2572 810 2625 etinertia
820 2585 862 2622 se-

65 2633 161 2694 quitur.
196 2641 284 2709 igitur
294 2641 390 2691 audito
402 2641 456 2692 tine
466 2637 603 2706 Philippi,
620 2639 699 2694 euius
711 2638 825 2692 fortuna
835 2642 864 2688 et

64 2707 237 2764 apparatibus
249 2709 375 2760 exterriti
386 2705 507 2770 fuerant,
517 2712 594 2760 metu
604 2705 703 2771 soluti,
714 2705 863 2759 Alexandri
