2082 3042
135 213 185 262 282
347 205 517 268 QUINTI
545 205 709 259 CURTll

135 313 176 362 lo.
196 309 258 375 lpse
273 307 390 359 Bessum
409 323 579 374 persequens
596 308 691 372 copias
701 309 800 367 movit3
821 307 862 356 cui
874 306 938 358 Eri-
1033 357 1034 368 ,

134 380 217 495 ῗγὶιιε
229 375 321 441 spolia
330 375 450 438 barbari,
471 389 523 426 ceu
534 375 654 441 opimum
665 374 733 424 belli
743 374 837 435 decus,
857 388 939 440 prae-

147 458 228 496 erens
238 445 368 493 occurrit.

185 509 218 562 V.
236 509 325 576 Igitur
338 509 550 560 Bactrianorum
564 508 681 574 regione
692 506 834 558 Artabazo
850 507 938 558 tradi.

135 584 172 641 cs,
193 577 316 628 sarcinas
334 582 362 626 et
376 576 572 642 impedimenta
586 575 627 624 ibi
641 591 702 624 cunr
717 573 860 640 praesidio
871 575 939 626 reli-

135 647 203 764 quit.
239 644 306 710 lpse·
318 659 379 694 cum
393 643 524 708 expedito
540 643 649 708 agmine
662 642 727 691 loca
740 641 853 692 deserta
867 640 937 709 Sog-

68 755 71 766 .
155 716 280 765 ianorum
290 713 388 770 intrat,
401 716 536 760 nocturno
547 709 647 760 itinere
658 709 810 759 exercitum
821 708 937 765 ducens.

135 783 160 831 2.
171 778 313 847 Aquarum
324 781 367 842 (ut
376 783 440 828 ante
451 777 554 828 dictum
566 779 620 839 est)
628 775 742 843 penuria
751 777 827 841 prius
839 776 938 842 despe-

135 848 254 908 ratione,
267 861 347 912 quam
358 844 499 896 desiderio
509 843 633 904 bibendi,
644 843 718 894 sitim
730 844 866 894 accendit.
882 843 938 894 Per

137 916 228 968 CCCC
245 913 336 964 stadia
349 928 382 963 ne
397 912 522 963 modicus
536 911 646 977 quidem
662 908 761 960 humor
770 911 876 963 existit.
912 912 936 964 3.

135 983 243 1033 Arenae
254 995 341 1046 vapor
352 980 452 1030 aestivi
462 979 531 1030 solis
543 976 681 1028 accendit:
698 991 768 1043 quae
779 977 828 1027 ubi
838 976 937 1044 llagra-

135 1065 166 1101 re
181 1054 341 1114 coeperunt,
364 1043 437 1098 haud
453 1061 534 1096 secus
550 1053 631 1111 quant
642 1045 797 1095 continenti
805 1045 937 1096 incendio

137 1122 237 1168 cuncta
246 1119 396 1165 torrentur.
433 1114 456 1163 l.
476 1113 576 1180 Caligo
588 1112 697 1174 deinde,
721 1112 939 1162 immodicoter-

137 1199 184 1242 rac
194 1182 306 1234 fervore
318 1181 448 1240 excitata,
461 1180 552 1230 lucem
561 1181 645 1246 tegit:
656 1193 872 1245 camporumque
883 1194 939 1230 non
1033 1211 1034 1236 ;

136 1251 193 1300 alia
202 1262 283 1314 quarn
295 1247 367 1297 vasti
378 1253 407 1297 et
417 1247 547 1312 profundi
558 1248 688 1312 aequoris
699 1247 808 1312 species
824 1253 876 1298 est.
913 1246 938 1296 5.

135 1315 309 1368 Nocturnum
328 1315 384 1363 iter
402 1313 552 1364 tolerabile
571 1313 725 1376 ridebatur,
746 1315 811 1380 quia
830 1328 895 1364 rore
912 1320 940 1364 et

136 1381 272 1434 matutino
284 1379 389 1446 frigore
400 1395 519 1446 corpora
527 1380 699 1432 levabantur.
732 1381 869 1432 -Ceterunr
878 1397 939 1434 cum

136 1453 199 1516 ipsa
209 1449 271 1498 luce
282 1454 376 1499 aestus
388 1448 488 1499 oritur:
506 1462 669 1515 omnemque
680 1448 834 1500 naturalem
844 1450 940 1501 absor-

135 1517 185 1568 bet
194 1515 337 1566 humorem
348 1516 474 1578 siccitas3
496 1529 545 1566 ora
554 1515 718 1583 visceraque
730 1517 840 1583 penitus
858 1532 940 1567 urun-

137 1591 191 1636 tur.
227 1582 252 1632 6,
271 1583 367 1650 ltaque
377 1584 494 1650 primum
505 1583 596 1644 animi,
618 1583 719 1634 deinde
731 1598 858 1650 corpora,
875 1584 940 1634 dei-

139 1667 202 1704 cere
214 1657 375 1717 coeperunt.
411 1651 531 1716 Pigebat
541 1657 569 1701 et
580 1651 748 1713 consistere,
760 1657 789 1701 et
797 1651 939 1718 progredi.

137 1721 163 1772 7.
183 1720 279 1781 Pauci,
299 1719 423 1786 aperitis
439 1718 563 1785 regionis
578 1717 722 1780 admoniti,
741 1725 942 1786 praepararant
1033 1731 1034 1786 t

110 1821 112 1824 -
138 1803 246 1855 aquam.
283 1787 362 1838 Haec
382 1787 535 1853 paullisper
553 1786 688 1851 repressit
711 1784 798 1836 sitim:
830 1784 941 1846 deinde,

139 1862 283 1906 crescente
301 1861 394 1918 aestu,
413 1869 520 1906 rursum
532 1853 699 1904 desiderium
710 1850 834 1904 humoris
844 1868 943 1904 accen·
1033 1851 1034 1856 ’

139 1939 198 1974 sum
209 1928 261 1972 est.
297 1921 372 1988 Ergo
390 1920 522 1988 quidquid
538 1920 595 1970 vini
613 1919 723 1985 oleique
734 1926 803 1981 erat,
824 1918 943 1972 homini·

138 1992 190 2041 bus
200 1989 392 2056 ingerebatur3
403 1993 535 2053 tantaque
546 1987 664 2038 dulcedo
675 1987 788 2038 bibendi
800 1986 865 2048 fuit,
871 1995 905 2040 ut
915 1990 944 2038 in

138 2063 281 2122 posterum
293 2057 355 2106 sitis
365 2070 421 2104 non
431 2057 584 2106 timeretur.
620 2056 644 2105 8.
656 2053 762 2106 Graves
773 2054 876 2106 deinde
888 2056 944 2106 ari-

140 2125 174 2175 de
185 2123 284 2173 hausto
296 2121 420 2182 humore,
441 2136 495 2171 non
506 2123 644 2172 sustinere
659 2137 742 2184 arma,
763 2137 819 2173 non
832 2122 944 2192 ingredi
1033 2149 1034 2156 κ

138 2195 282 2260 poterant3
305 2195 334 2238 et
347 2188 490 2239 feliciores
506 2189 682 2251 videbantur,
704 2205 773 2257 quos
784 2205 856 2256 aqua
867 2189 945 2242 defe-

140 2263 313 2321 cerat,quum
324 2257 384 2321 ipse
395 2255 454 2305 sine
466 2256 549 2306 modo
561 2255 681 2307 infusam
691 2258 797 2307 vomitu
807 2271 945 2325 cogeren-

139 2330 185 2372 tur
195 2336 320 2388 egerere.
356 2323 382 2373 9.
399 2324 515 2373 Anxium
526 2337 619 2391 regem
630 2325 714 2374 tantis
724 2325 815 2388 malis,
827 2326 945 2376 circum-

139 2388 196 2440 fusi
207 2389 297 2450 amici,
318 2395 349 2440 ut
357 2389 538 2453 meminisset,
556 2391 680 2453 orabant,
691 2392 773 2441 animi
784 2392 827 2442 sui
839 2393 945 2460 magni·

138 2457 262 2508 tudinem
274 2457 383 2508 unicum
393 2459 546 2508 remedium
557 2458 859 2510 deficientisexercitus
868 2475 944 2512 esse:

140 2527 181 2576 1⁰.
204 2539 286 2591 quum
299 2525 387 2586 exiis,
398 2527 669 2592 quivpraccesserant
679 2525 714 2576 ad
725 2527 893 2592 capiendum
903 2528 944 2577 lo·

141 2607 201 2643 curn
212 2592 322 2654 castris,
332 2592 387 2642 duo
399 2599 548 2643 occurrunt
560 2593 667 2644 utribus
678 2608 776 2660 aquam
787 2599 943 2660 gestantes,

140 2666 171 2710 ut
185 2660 250 2710 liliis
268 2659 333 2720 suis,
355 2675 424 2726 quos
435 2659 467 2728 in
481 2644 579 2710 eode‘m
598 2661 707 2727 agmine
723 2675 793 2722 esse,
816 2667 891 2712 ctae
928 2676 943 2712 e

141 2728 200 2790 pati
220 2727 295 2777 sitim
323 2741 378 2778 non
399 2726 577 2796 ignorabant,
603 2734 788 2779 occurrerent.
826 2677 944 2790 11.ἂί
