2082 3042
137 167 187 220 esc
353 162 523 225 ourn'rr
557 135 726 216 curru
778 145 782 154 '

136 269 192 322 vim
206 267 339 318 materiae
354 265 484 316 iaciendo
500 280 536 332 ag
556 265 595 314 eri
612 261 809 314 detrahebantt
830 261 947 313 aliima·

137 349 251 404 gnarum
268 334 399 384 arborum
413 332 523 400 stipites
537 281 555 399 ῗ

136 417 197 454 rum
204 403 233 452 in
245 415 378 451 cavernas
395 399 573 450 deficiebant.
609 399 650 448 31.
669 398 782 464 lamque
798 410 886 464 agger
900 410 946 449 ae·

137 465 271 538 quareret
279 481 402 519 summae
412 466 554 534 fastigium
566 472 673 516 terrae:
684 465 780 532 itaque
790 470 882 515 turres
893 464 949 516 eri·-

138 537 286 604 gebantur‚
307 549 378 602 quae
393 549 478 600 opera
491 533 600 601 ingenti
617 533 736 584 militum
755 531 855 582 ardore
872 533 951 582 intra

137 617 239 655 nonum
250 602 323 652 diem
334 601 463 652 absoluta
474 608 550 666 sunt,
581 601 622 652 Ad
638 614 671 651 eo
683 598 802 652 visenda
814 613 865 649 rex
880 613 949 650 non·

138 671 203 722 dum
223 669 344 720 obducta
362 669 468 720 vulneri
488 667 619 720 cicatrice
640 668 791 734 processit3
811 665 948 718 laudatis·

138 753 192 806 que
202 736 347 798 militibus,
355 735 499 787 admoveri
508 733 650 786 machinas
659 735 757 786 iussit:
769 748 785 784 e
795 733 895 801 quibus
906 733 949 784 in·

7 849 8 858 ,
111 821 207 874 ,gens
223 806 265 855 vis
279 804 399 854 telorum
413 804 442 853 in
462 808 685 870 propugnatores
705 800 796 852 effusa
815 807 867 852 est.
904 801 948 851 32.
1032 815 1033 846 3

138 871 293 937 Praecipue
312 871 397 922 rudes
414 870 511 921 talium
531 885 646 936 operum
666 870 811 921 terrebant
827 867 948 919 mobiles
1032 857 1033 918 l

555 329 686 396 cumulis]
706 345 740 381 ac
756 329 847 380 moles
861 343 947 382 saxo·
1032 339 1033 344 ’

136 947 241 1000 turres,
258 937 515 1006 tantasquemoles,
525 937 601 989 nulla
612 953 677 1006 ope,
693 951 764 1004 quoe
775 942 948 997 cerneretur,
1032 935 1033 938 ’

139 1007 286 1069 adductas,
302 1007 417 1057 deorum
429 1006 540 1057 numine
551 1005 598 1072 agi
608 1003 768 1057 credebant,
804 1003 949 1068 Pilaquo·
1032 1035 1033 1038 κ

138 1089 192 1142 quc
205 1073 337 1136 muralia,
359 1078 388 1123 ct
404 1087 536 1125 excussas
555 1072 701 1124 tormentis
715 1084 885 1188 praegraves
900 1065 948 1120 he·

138 1149 196 1193 stas
206 1141 347 1208 negabant
357 1141 506 1191 convenire
517 1140 692 1192 mortalibus.
728 1139 769 1192 33.
801 1144 886 1205 taque
900 1136 947 1187 de·

138 1214 251 1276 sperata
268 1207 345 1258 urbis
363 1207 467 1270 tutela,
492 1222 658 1259 concessere
680 1207 709 1257 in
732 1221 833 1258 arcem.
868 1203 947 1266 lude,
1032 1239 1033 1242 κ

140 1276 205 1342 quia
219 1270 290 1323 nihil
307 1273 431 1324 obsessis
445 1281 558 1340 praetor
573 1274 744 1326 deditionem
753 1273 893 1342 placebat,
908 1270 948 1322 le·
1032 1279 1033 1286 ’

139 1341 198 1469 {ati
218 1340 254 1390 ad
266 1353 361 1406 regem
377 1339 593 1404 descenderunt,
613 1342 723 1393 venium
742 1339 866 1408 petituri.
904 1338 947 1390 tl.

167 1407 371 1472 uaimpetrata‚
390 1409 489 1476 regina
503 1425 564 1461 cum
574 1424 675 1476 magno
686 1409 821 1460 nobilium
830 1405 949 1458 femine·
1032 1447 1033 1458 .

138 1489 200 1526 rum
211 1489 311 1542 greg-e,
327 1474 421 1527 aureis
432 1479 536 1543 pateris
548 1477 612 1527 vina
625 1477 783 1538 libentium,
797 1475 948 1543 processit
1032 1483 1033 1488 ’

139 1541 181 1594 35.
192 1541 267 1609 lpsa,
288 1541 406 1610 genibus
420 1544 496 1611 regis
511 1559 597 1610 parvo
612 1544 672 1594 filio
686 1544 815 1604 admoto,
835 1555 950 1594 nonve-

137 1610 212 1662 niam
222 1609 320 1674 modo,
337 1610 391 1661 sed
407 1612 491 1661 etiam
502 1613 635 1678 pristinae
645 1609 775 1662 fortunae
785 1609 949 1676 impetravit

138 1678 237 1731 (lecum
256 1678 356 1795 quippe
366 1678 615 1746 appellatoregina
625 1683 679 1742 est;
692 1685 720 1730 et
730 1677 877 1730 credidere
887 1677 949 1746 qui·
1032 1673 1033 1702 ³

138 1746 215 1808 dam,
234 1745 297 1812 plus
330 1760 436 1806 ormae,
457 1761 537 1813 quam
556 1746 742 1809 miserationi,
763 1745 866 1797 datum
903 1743 947 1796 36.

136 1813 229 1865 Puero
261 1826 353 1880 unque
364 1819 453 1874 certe,
474 1819 573 1879 postea
586 1827 622 1866 ex
637 1827 671 1864 ca
682 1819 823 1881 utcunque
837 1811 946 1882 genito,

136 1828 294 1933 Alexangro
312 1879 367 1930 fuit
378 1893 489 1932 nomen.

187 1947 235 1997 Xl.
253 1945 328 1998 Hinc
339 1947 517 2014 Polypercon
527 1947 562 1998 ad
573 1945 670 2000 urbem
679 1945 783 2000 Noram
794 1963 856 2000 oum
866 1961 947 2000 exer-

137 2017 196 2066 citu
208 2016 324 2076 missus,
337 2015 499 2066 inconditos
513 2015 667 2082 oppidanos
683 2015 793 2083 proelio
808 2015 889 2067 vicit:
906 2015 946 2066 ln·
1032 2071 1033 2076 ,

136 2083 180 2134 'tra
193 2082 363 2134 munimenta
377 2082 536 2148 compulsos
557 2087 683 2146 secutus,
704 2083 801 2135 urbem
819 2083 849 2134 iu
863 2082 948 2135 ditio·

136 2166 200 2202 nem
209 2149 330 2216 redegit.
344 2148 467 2200 2.Multo
476 2149 614 2216 ignobilia
624 2149 726 2219 oppido
736 2150 948 2202 desertabsuis
1032 2169 1033 2182 ¹

136 2232 239 2270 uenere
250 2217 279 2266 ln
289 2216 364 2284 regis
374 2222 551 2283 potestatem.
587 2218 711 2279 Quorum
724 2219 836 2270 incolae
846 2218 951 2271 armati

136 2290 244 2349 petram
255 2285 359 2336 Aornin
369 2285 481 2344 nomine
493 2292 708 2352 occupaverunt.
737 2285 818 2338 Hono
829 2287 863 2338 ab
874 2285 951 2338 Her·

137 2350 200 2400 cule
211 2350 316 2402 frustra
327 2351 471 2404 obsessam
481 2367 554 2417 esse,
568 2360 716 2421 terraeque
726 2361 805 2406 motu
816 2359 950 2404 coactum

137 2417 288 2480 absistere,
303 2417 559 2487 famavulgaverat.
594 2422 619 2473 3.
638 2420 752 2489 inopem
762 2421 874 2474 consilii
886 2420 951 2472 Ale-

119 2483 283 2552 Ιιειιιιὶηιιη,
303 2487 369 2552 quia
386 2487 508 2556 undique
530 2501 665 2556 praeceps
685 2496 714 2540 et
733 2489 800 2540 abru
820 2495 849 2539 ta
862 2503 951 2556 rupes

138 2558 212 2615 erat,
232 2551 329 2603 senior
343 2554 453 2620 quidam
469 2557 576 2622 peritus
587 2557 713 2608 locorum
724 2571 785 2608 curn
796 2505 909 2610 (foebus
920 2555 952 2608 n-

137 2619 184 2670 liis
194 2619 266 2682 adit,
281 2618 305 2670 si
322 2622 440 2686 pretium
457 2625 535 2690 operi
546 2631 633 2686 essct,
654 2624 757 2676 aditum
769 2630 952 2676 semonstra-
1032 2627 1033 2634 ’

137 2691 487 2754 turumesseprcmittcns.
521 2691 546 2760 4.
567 2690 953 2744 LXXXtelentaconstituit
