2048 3034
174 192 176 196 ’
260 223 406 276 aaran
433 225 465 278 v.
495 227 589 278 cnr.
617 229 722 278 1c11.
838 229 887 278 nn

0 350 1 367 2
83 327 255 393 supervenit,
275 329 334 378 sire
349 327 426 395 regis
438 328 526 391 iussu,
548 329 607 380 sire
622 344 673 378 sua
687 323 794 396 spoute,
816 330 888 384 affir-

83 407 174 456 mans‚
184 393 342 462 mitigatum
352 409 414 446 esse
424 394 549 458 Darium,
561 403 590 446 et
599 395 716 446 eundem
725 396 782 447 illis
790 397 889 453 ¹amici·

1 471 3 486 ’
83 463 143 512 tiae
154 461 270 530 gradum
280 469 377 529 patere
388 465 460 530 apud
471 478 575 530 regem.
605 465 645 512 11.
657 462 700 513 1111
710 463 889 516 lacrimantes

82 543 158 580 nune
167 543 286 596 purgare
297 543 346 593 se„
356 545 428 582 nune
438 532 604 582 Artabazum
620 543 711 590 orare,
732 537 763 581 ut
775 545 886 584 causam

81 598 209 665 ipsorum
231 603 371 660 tueretur,
408 613 563 666 precesque
589 597 736 664 perferret.
773 600 812 648 11.
839 599 886 652 Sic

80 670 197 731 peraeta
206 672 297 726 nocte,
319 665 370 716 sub
381 666 451 716 lucis
463 673 563 718 exortu
572 665 753 716 Nabarzanes
764 679 825 716 uum
834 667 887 718 Ba-

80 731 199 783 ctrianis
209 732 345 784 militibus
355 733 383 783 in
395 733 535 784 vestibulo
546 733 680 798 praetorii
694 732 803 796 aderat,
822 733 894 784 titu··

1 850 2 854 ,
79 799 139 850 lum
149 799 282 851 solemnis
294 801 379 851 officii
391 800 502 851 occulto
514 801 616 850 sceleri
626 798 796 866 praeferens.
812 793 813 796 '
832 799 886 851 Da·

78 867 150 930 rius,
169 869 251 934 signo
270 867 305 917 ad
326 867 445 918 eundum
459 867 534 928 dato,
556 881 665 917 currum
680 868 889 934 pristinomore

78 935 254 986 conscendit.
302 935 342 984 13.
367 933 546 984 Nabarzanes
570 936 712 1002 ceterique
733 935 888 1001 parricidae

76 1001 302 1070 procumbentes
311 998 400 1064 humi,
415 1017 494 1067 quem
505 1000 588 1070 paulo
600 1009 665 1068 pust
673 1003 701 1052 in
713 1002 831 1053 vinculis
841 1001 887 1053 ha·

75 1071 170 1120 bituri
190 1075 283 1130 erant,
304 1069 461 1120 sustinuere
482 1071 622 1121 venerarir
642 1069 770 1121 lacrimas
794 1071 889 1133 etiam,

75 1136 274 1204 poenitentiae
284 1135 400 1199 indices,
412 1135 607 1202 profuderunt:
627 1139 698 1189 adeo
709 1136 837 1190 humanis
847 1139 887 1190 in·
946 1200 948 1205 ¹

76 1203 174 1272 geniis
184 1210 282 1270 parata
292 1204 433 1255 simulatio
445 1212 495 1256 est.
534 1205 573 1256 14.
594 1205 696 1256 Preces
712 1206 814 1257 deinde
825 1221 887 1272 sup·
938 1212 944 1222 “

76 1272 196 1339 pliciter
210 1271 348 1334 admotae,
370 1272 494 1336 Darium,
514 1281 613 1338 natura
626 1273 780 1340 simplicem
797 1280 826 1325 et
838 1275 890 1325 nri·

76 1351 148 1401 tem,
167 1353 223 1389 non
235 1339 350 1392 credere
361 1341 443 1392 modo
454 1357 525 1409 quae
536 1341 718 1402 affirmabant,
740 1340 790 1392 sed
802 1344 888 1394 etiam

76 1408 149 1458 llere
170 1415 331 1473 coegerunt.
375 1409 413 1460 lb.
435 1408 477 1460 Ac
501 1423 535 1460 ne
557 1417 616 1460 tum
637 1410 747 1476 quidem
769 1411 887 1477 cogitati
957 1419 962 1429 '

77 1475 197 1528 sceleris
208 1477 358 1541 poenituit,
378 1491 460 1542 quum
470 1479 658 1539 intuerentur,
679 1477 788 1542 qualem
804 1483 832 1528 ct
843 1492 886 1528 re-

77 1559 144 1611 gem
156 1543 282 1594 etrirum
298 1543 437 1594 fallerent.
473 1543 524 1593 llle
540 1543 663 1611 quidem,
683 1557 799 1594 securus
815 1546 886 1610 peri-

79 1611 137 1662 culi
153 1610 228 1676 quod
241 1611 372 1672 instabat,
391 1610 542 1661 Alexandri
556 1625 662 1672 manus,
683 1627 752 1678 quus
766 1611 843 1662 solus
852 1614 887 1662 ti-

78 1678 184 1740 mebat,
196 1675 322 1744 effugere
335 1677 510 1742 properabat.

132 1744 180 1796 Xl.
201 1744 307 1795 Patron
327 1751 435 1805 autem,
462 1743 634 1795 Graecorum
654 1741 722 1806 dux,
746 1745 890 1812 praecepit

78 1815 150 1874 suis,
169 1818 201 1863 nt
210 1827 293 1876 arma,
315 1812 425 1878 quaein
436 1811 553 1862 sardinis
565 1818 647 1861 antea
659 1809 829 1872 ferebantur,
849 1812 890 1861 in·

79 1883 208 1942 duerent,
228 1879 264 1930 ad
284 1895 365 1931 omne
379 1880 526 1947 imperium
541 1893 619 1928 suum
633 1879 724 1946 parati
739 1885 768 1928 et
776 1880 887 1929 intenti.

78 1953 104 2000 2.
117 1949 182 2015 lpse
194 1963 304 1999 currum
314 1949 390 2016 regis
403 1947 580 2014 sequebatur,
588 1945 731 1997 occasioni
741 1945 888 1996 imminens

78 2015 244 2082 alloquendi
255 2030 330 2067 eum:
351 2016 452 2083 quippe
466 2014 547 2066 Bessi
562 2013 671 2066 facinus
683 2018 886 2082 praesenserat

79 2083 138 2136 Sed
148 2083 263 2144 Bessus,
283 2083 413 2151 idipsum
426 2090 561 2145 metuens,
583 2091 678 2134 eustos
688 2084 792 2144 verius,
807 2095 887 2148 quam

78 2165 185 2214 comos,
207 2167 224 2202 a
238 2167 320 2203 curru
332 2167 386 2201 non
396 2151 555 2202 recedebat.
591 2151 615 2202 3.
634 2150 690 2202 Diu
701 2164 769 2217 erge
782 2148 887 2199 Patron

1 2233 2 2236 ’
79 2224 237 2280 cunctatus,
253 2233 285 2269 ac
296 2217 408 2285 saepius
418 2220 546 2270 sermbne
555 2223 700 2279 revocato,
720 2218 794 2267 inter
805 2215 887 2267 iidem

1 2291 2 2302 ¹
77 2289 265 2353 timoremque
277 2285 429 2348 haesitans,
440 2300 471 2336 re
493 2301 535 2336 ern
546 2285 715 2336 intuebatur.
751 2285 775 2334 4.
792 2284 888 2346 Quint

77 2354 194 2406 taudem
213 2355 333 2405 advertit
353 2353 461 2416 ocules,
506 2353 621 2403 ubacem
643 2352 795 2420 spadonem
813 2353 888 2404 inter

77 2421 225 2490 proximos
236 2437 345 2476 currum
356 2427 519 2488 sequentem
528 2421 688 2486 percontari
701 2419 791 2484 iubet,
810 2435 886 2472 num·

79 2489 150 2558 quid
160 2487 213 2556 ipsi
224 2490 293 2542 velit
304 2490 406 2540 dicere.
444 2488 562 2550 Patron,
577 2503 608 2538 se
619 2501 700 2549 vero,
712 2488 761 2539 sod
770 2489 888 2540 remotis

79 2557 205 2619 arbitris,
215 2556 294 2624 loqui
304 2557 376 2608 velle
386 2571 448 2608 cum
459 2570 493 2607 eo
503 2555 657 2621 respondit.
693 2555 718 2606 b.
736 2556 888 2622 iussusque

79 2625 197 2692 propius
209 2625 353 2687 accedere,
374 2625 434 2676 sine
449 2625 611 2690 interprete,
633 2626 707 2686 (nam
723 2621 797 2676 haud
810 2623 887 2673 rudis

6 2732 9 2740 .
81 2691 209 2746 Graecae
220 2691 440 2758 linguaellarius
452 2693 537 2753 erati:
547 2691 636 2752 ,‚Rex‚
646 2689 816 2758 inquit,ch
826 2688 887 2739 mil·

82 2759 154 2812 libus
167 2759 340 2810 Graecorum
351 2775 528 2827 supersumus
540 2762 622 2826 pauci
629 2795 638 2821 ,
658 2760 748 2810 omnis
758 2757 890 2809 fortunae.
