2054 3030
129 119 131 122 ,
650 108 658 147 N
976 99 988 156 l

170 165 483 248 suprasolaris.
504 199 579 250 aia.
593 201 625 251 n.
645 171 802 283 lisano
838 80 949 361 a*
983 154 1020 245 l}

48 313 192 348 seorsum
211 299 288 349 initis
311 301 437 350 consiliis
454 316 471 350 a
490 306 585 352 cetero
598 257 872 488 GQQXWW
994 244 1020 400 A&

53 366 184 430 abrupti,
192 367 315 433 tanfique
325 367 436 418 decoris
445 374 574 433 expertes
582 376 676 447 niaqg-
690 365 754 424 lent.
765 369 806 422 36.
816 370 872 423 Nee
948 364 967 427 b
1002 395 1013 416 v

856 429 858 439 .
968 433 972 441 ,
1008 406 1020 440 r

54 448 115 499 que
128 433 237 495 matris,
249 449 330 500 quam
341 435 443 486 eximia
453 436 557 502 pietate
569 451 674 502 sempr.
688 454 721 490 vo
752 439 871 501 lt5obli-
971 444 977 460 ⁸
1019 451 1020 476 l

53 507 115 562 tus,
128 501 240 566 pocula,
248 516 405 568 purpuram,
413 504 523 570 aliaque
533 504 562 554 id
574 519 662 570 genus
673 507 796 569 pretiosa
807 519 871 572 spo·
1019 513 1020 522 ¹

52 567 108 631 lia,
119 568 219 634 paucis
231 568 340 632 demtis,
352 568 386 619 ad
397 570 474 620 illam
485 572 648 622 transmisit.

109 633 159 685 VI.
189 635 259 686 Post
269 635 323 686 hoc
336 638 474 704 proelium
485 637 576 689 denuo
588 639 624 689 ad
635 637 717 688 llium
727 639 870 704 profectus

52 699 231 764 Alexander,
253 704 323 754 deae
334 707 439 770 gratias
454 707 521 771 egit,
544 720 614 772 quae
626 707 785 771 gravissimi
803 709 871 759 belli

55 769 214 821 discrimen
234 771 392 833 aditurum,
423 773 507 821 armis
531 779 560 822 et
584 773 722 823 ominibus
745 773 871 826 iuvisset.

51 838 80 885 2.
95 837 207 903 Quippe
221 839 362 905 superiori
371 845 499 904 tempore
511 854 593 905 quum
604 841 697 890 statim
708 845 773 907 post
783 845 871 892 trans-

54 905 178 955 missum
187 905 405 970 Hellespontum
416 920 449 955 eo
461 906 662 969 contendisset,
681 912 723 958 uti
735 921 821 974 sopra
829 923 872 959 re·

51 971 194 1033 tulimus,
216 978 281 1023 ante
299 971 393 1022 fanum
412 973 555 1024 Minervae
577 980 697 1025 statuam
714 982 873 1041 equestrem
935 1017 937 1026 .

51 1037 136 1090 humi
165 1044 317 1089 rostratam
328 1039 405 1100 vidit,
425 1041 622 1092 Ariobarzanis
633 1057 684 1092 ora
691 1043 872 1105 referentem,

53 1108 106 1174 qui
129 1106 152 1156 P
174 1107 273 1172 rygiae
294 1108 430 1172 quondam
450 1115 561 1174 satrapa
580 1108 681 1161 isserat.
723 1111 748 1162 3.
783 1110 872 1177 idque

54 1188 144 1226 omen
155 1173 355 1240 interpretatus
365 1177 527 1227 Aristander
537 1177 675 1229 illustrem
694 1193 730 1230 cx
746 1180 872 1246 equestri

74 1256 156 1308 agna
165 1241 312 1291 victoriam
330 1245 497 1309 promiserat
506 1244 677 1308 Alexandro,
698 1248 825 1308 maxime,
846 1248 872 1297 si

53 1259 134 1360 iiaud
148 1308 381 1377 proculPhrygia
401 1311 593 1379 dimicaretur:
611 1314 699 1381 ipsius
719 1315 803 1364 etiam
823 1315 870 1365 de·

53 1383 123 1428 xtra
138 1375 262 1426 nobilem
278 1375 398 1428 hostium
421 1378 518 1430 ducem
539 1395 676 1432 casurum.
712 1379 809 1448 Neque
829 1381 870 1432 ie-

54 1443 135 1496 fellit
153 1453 231 1510 spem
250 1445 322 1495 vatis
342 1452 457 1497 eventus
477 1447 594 1513 proelii,
614 1453 772 1515 stratusque
792 1451 869 1516 regis

57 1526 128 1562 ense
147 1513 149 1516 ’
166 1510 352 1576 Spithridates
386 1514 587 1580 praedictionis
621 1516 702 1566 tidem
732 1516 868 1582 implevit.

56 1579 82 1628 t.
102 1577 191 1644 Igitur
208 1585 236 1630 et
251 1581 385 1648 templum
405 1581 529 1632 donariis
551 1583 689 1650 exquisite
713 1584 819 1645 coluit,
840 1590 870 1634 et

56 1646 122 1709 llio,
136 1646 210 1712 quod
220 1653 277 1698 tum
289 1645 363 1698 haud
375 1649 489 1698 multum
501 1665 585 1765 supra
601 1650 704 1701 modici
723 1651 789 1718 pagi
807 1666 869 1716 spe-

57 1715 134 1764 ciem
144 1714 292 1776 eminebat,
314 1716 502 1765 nomenurbis
514 1731 530 1764 a
551 1715 633 1766 didit:
651 1723 737 1782 utque
757 1717 787 1768 id
806 1733 871 1768 cum

58 1781 198 1847 dignitate
218 1788 353 1844 tueretur,
376 1782 500 1849 reliquit,
522 1783 569 1848 qui
589 1782 786 1833 instaurandae
808 1784 869 1833 eius

57 1848 290 1917 ampliandaeque
302 1864 394 1900 curam
406 1855 531 1915 agerent,
551 1849 723 1915 liberamque
735 1855 764 1899 et
773 1850 870 1899 immu-

57 1933 122 1968 nem
146 1931 208 1968 esse
226 1917 318 1968 iussit.
354 1917 378 1968 5.
409 1917 553 1983 Quumque
572 1917 717 1968 delubrum
734 1918 803 1968 deae
817 1931 869 1984 pro

56 1985 198 2050 religione
208 1984 265 2036 loci
276 1985 358 2036 nimis
369 1990 515 2052 angustum
527 1984 740 2052 neglectumque
750 1985 871 2102 videretI

55 2052 189 2104 eximium
200 2052 241 2102 illi
253 2054 383 2119 templum
395 2058 539 2104 exstruere
550 2059 650 2121 postea
669 2053 776 2104 statuit.
813 2051 849 2104 Se

57 2120 115 2172 hoc
126 2119 235 2186 aliaque
247 2121 394 2186 magnilica
404 2121 592 2184 meditantem,
603 2120 691 2172 fatum
709 2122 869 2186 occupavit3

57 2201 149 2255 neque
160 2202 340 2240 successores
362 2189 489 2241 exsecuti
508 2195 579 2240 sunt.
614 2189 639 2240 o.
668 2189 800 2239 Ceterum
818 2187 869 2239 illa

57 2257 177 2307 victoria
187 2261 275 2305 totam
285 2253 382 2307 Asiam
394 2257 433 2307 cis
446 2258 569 2308 Taurum
584 2262 613 2306 et
624 2255 785 2323 Euphraten
804 2271 867 2323 apc-

58 2325 156 2374 ruitre
178 2323 196 2372 i.
232 2322 354 2374 Attoniti
373 2326 515 2389 insperata
529 2323 618 2386 clade,
642 2339 698 2374 non
709 2323 798 2389 copiis
809 2339 867 2376 mo·

59 2393 105 2453 do,
123 2337 176 2442 sed
187 2397 219 2440 et
234 2389 350 2442 ducibus
365 2391 484 2451 amissis,
504 2391 607 2440 nullam
627 2397 822 2457 praeterquam
837 2393 867 2442 in

59 2459 209 2509 clementia
218 2459 333 2509 victoris
344 2471 422 2525 spem
432 2456 583 2520 habebant3
601 2473 717 2524 eamque
732 2458 866 2512 festinata

58 2525 204 2578 deditione
219 2527 345 2576 certatim
355 2526 511 2592 promereri
523 2526 697 2593 satagebant
732 2528 756 2578 ⁷.
777 2526 866 2594 Phry·

61 2595 133 2660 giam
152 2591 264 2643 Arsites
285 2594 444 2644 voluntario
466 2593 543 2646 exitu
563 2608 678 2645 vacuam
697 2593 819 2646 iecerat:
840 2594 866 2642 ei

60 2661 140 2714 Calas
153 2657 354 2711 Thessalorum
366 2661 466 2711 ductor
475 2663 664 2726 praeponitur.
699 2662 742 2712 Ex
759 2665 865 2712 monta-

60 2731 102 2781 nis
113 2743 225 2797 quoque
235 2727 306 2780 locis
314 2728 441 2796 plerique
454 2727 668 2792 descenderunt,
679 2743 765 2796 seque
777 2732 806 2777 et
816 2740 867 2776 sua
