2048 3034
309 221 455 276 mnuu
481 223 532 274 vl.
560 224 655 274 ono.
681 227 720 276 to.
746 227 786 274 ιι.
894 207 953 276 no
1013 293 1014 304 ἵ

140 330 190 386 ert,
199 321 236 373 tit
244 319 319 374 Deue
328 339 423 378 cautae
433 339 506 376 meae
516 323 599 378 tectio.
634 323 755 378 Retinete
765 342 806 378 me
815 325 844 376 in
854 326 943 380 vinou-

141 387 182 454 lt‘t,
203 389 264 441 dnm
278 391 425 442 consulitur
438 390 573 442 Hammon
587 389 616 442 in
629 406 756 444 arcanum
772 401 799 444 et
812 395 944 446 occultum

140 457 234 510 coeloe.
269 456 390 520 Interim,
412 457 458 526 qui
475 475 566 526 regem
586 465 705 508 nostrum
720 459 845 526 dignatur
863 459 942 528 eetfi-

141 523 214 588 bium,
225 525 354 576 neminem
364 541 465 588 eorum,
478 525 524 592 qui
533 523 612 592 stirpi
620 541 685 576 onae
693 523 815 577 insidiati
823 537 892 590 eunt,
904 529 942 578 ba·
1013 585 1014 588 Ἴ

141 600 196 644 tere
201 591 331 658 patietur.
359 594 400 644 29.
414 592 445 642 Si
454 593 571 646 certiora
582 591 696 644 oraculis
707 593 812 644 creditit
824 611 877 646 eece
887 604 942 646 tor·
1013 637 1014 640 η

140 668 243 722 menta,
262 676 294 710 ne
307 659 378 720 bunc
392 659 495 726 quidem
507 659 670 711 exhibendae
680 657 888 728 ceritatiofidem
899 663 940 714 de·

157 743 242 780 recor.
279 729 320 778 30.
332 727 425 778 Solent
434 727 475 776 rei
484 727 579 796 capitit
589 726 716 778 adbibere
727 727 798 778 oobit
805 738 939 794 parentet.
1013 767 1014 772 ,

168 810 215 846 uot
226 793 337 863 frotree
355 809 406 860 ego
423 809 508 863 nuper
521 793 615 856 amiei,·
630 803 738 860 patrem
748 809 797 844 nec
807 796 942 846 ostendere

133 877 253 929 pomum,
263 877 312 913 nec
319 860 445 912 inuocare
455 861 634 928 audeo,quum
645 869 671 912 et
678 859 733 928 e'poe
745 861 817 912 tanti
825 860 942 912 criminin

137 945 198 982 reus
208 929 251 981 eit.
276 929 317 981 31:
328 924 431 978 Po'rum
441 937 488 990 eet,
500 936 541 979 tot
551 929 628 980 modo
640 928 784 980 liberorum
791 938 940 995 parentem,

137 996 167 1048 in
176 993 556 1062 nnicofibioeodquieecentem,
572 1013 601 1046 eo
614 1013 717 1063 quoque
728 995 833 1058 orbari,
848 995 878 1046 ni
887 997 943 1064 ipse

137 1063 168 1116 in
178 1079 275 1130 rogum
285 1079 369 1114 mcum
378 1061 534 1130 imponitur.
569 1065 610 1116 32.
631 1061 720 1132 Ergo,
739 1063 875 1115 carissime
890 1081 941 1132 pa·
1013 1109 1014 1114 ,

139 1137 189 1190 ter,
201 1138 228 1182 et
232 1138 347 1197 propter
356 1146 397 1182 me
406 1129 538 1193 morierit,
549 1139 575 1184 et
583 1147 692 1182 mecum.
722 1131 786 1194 uero
799 1130 849 1182 tibi
858 1131 942 1182 uitam

139 1197 237 1260 adimo,
248 1213 298 1264 ego
308 1206 466 1251 senectutem
478 1207 551 1250 tuom
562 1198 720 1266 exstinguo!
766 1198 891 1250 uidenim
900 1216 941 1252 me
1013 1205 1014 1210 ’

133 1263 299 1334 procreabas
308 1264 441 1335 infelicem
452 1264 653 1323 odoerrantibue
663 1265 741 1318 Dite?
759 1283 794 1318 an
807 1276 838 1318 ut
847 1267 895 1318 boe
908 1283 942 1320 ex

137 1332 458 1402 mefruetntperciperet,
471 1333 518 1402 qai
526 1343 552 1388 te
560 1337 685 1386 manent?
705 1335 746 1387 33.
759 1334 864 1396 Nomio,
875 1337 939 1386 ado-

137 1399 261 1453 letcentia
278 1417 337 1452 meo
356 1401 478 1454 miserior
497 1401 540 1464 eit,
561 1419 596 1454 an
611 1410 730 1464 senectui
744 1410 799 1456 tua.
835 1403 900 1472 Ego
910 1402 940 1454 in

135 1467 193 1536 ipio
204 1469 301 1520 robore
310 1469 406 1520 aetatis
416 1469 516 1536 eripior
523 1486 536 1530 ,·
555 1469 604 1520 tibi
615 1469 739 1536 carnifex
748 1469 872 1536 epiritum
882 1469 939 1522 odi·
971 1523 974 1532 4

135 1544 190 1587 met
194 1553 206 1597 ,·
229 1551 314 1602 quem,
324 1535 470 1602 cifortuna
483 1545 636 1602 exspectare
645 1535 777 1598 ooluieeet,
788 1546 887 1588 natura
897 1555 938 1590 re·

107 1636 109 1639 -
130 1601 270 1670 poecebot.
306 1602 346 1653 34.
369 1601 516 1654 Admonuit
525 1618 566 1652 me
572 1601 660 1667 patris
671 1602 723 1652 mei
731 1603 839 1665 mentio,
860 1621 939 1671 quom

136 1669 229 1720 timide
239 1676 267 1718 et
276 1675 442 1730 cunctanter,
481 1685 530 1718 uae
544 1667 684 1720 Cebalinus
699 1670 831 1720 detulerat
844 1671 938 1736 adme,

134 1734 257 1787 indicare
276 1734 417 1786 debuerim.
479 1735 597 1786 armenio
617 1735 695 1798 enim,
715 1751 795 1802 quum
814 1737 939 1802 audieret,

135 1819 265 1856 uenenum
275 1819 291 1856 o
301 1801 425 1870 Philippo
436 1801 536 1855 medico
548 1801 609 1868 regi
615 1801 725 1868 parari,
738 1803 871 1854 deterrere
882 1819 940 1856 eum

135 1870 222 1924 uoluit
230 1869 339 1937 epistola
349 1869 458 1938 scripta,
481 1886 532 1937 qao
544 1869 629 1920 eninm
639 1869 858 1922 medicamentum
871 1870 939 1924 bibe·

136 1947 187 2002 νει,
208 1938 280 2006 quod
289 1937 403 1988 medicue
414 1937 478 1989 dore
489 1935 674 1990 constituerat.
710 1937 751 1990 35.
774 1936 845 1988 Num
855 1938 939 1990 credi·

136 2015 192 2057 tum
204 2005 326 2073 estpotri
334 2007 409 2057 meo?
421 2022 483 2058 num
491 2006 572 2056 ullam
583 2004 772 2058 auctoritatem
782 2004 837 2056 eine
846 2005 940 2058 literae

136 2073 302 2126 babuerunt?
318 2073 383 2142 Ego
401 2074 466 2140 ipse,
487 2073 588 2141 quotient
609 2089 675 2140 quae
694 2073 832 2130 audieram
850 2073 939 2138 detuli,

135 2157 194 2195 cum
203 2140 318 2192 ludibrio
329 2141 492 2194 credulitatis
504 2143 622 2210 reputem
631 2157 697 2193 tum.
732 2138 764 2190 Si
774 2149 800 2192 et
810 2156 888 2206 quum
899 2140 939 2192 in·

135 2209 264 2271 dicamur,
273 2207 358 2270 innisi,
372 2218 399 2259 et
409 2225 487 2275 quum
498 2219 624 2272 tacemuc,
635 2207 750 2276 oaepecn'
758 2223 860 2258 eternae:
877 2207 941 2275 quid
984 2257 988 2275 ,

128 2276 227 2346 fucere
237 2293 286 2328 not
297 2277 419 2344 oportet?
444 2275 485 2328 30.
498 2277 642 2343 Quumque
652 2291 722 2326 unus
735 2291 749 2326 e
761 2276 939 2326 circumstan-

9 2377 11 2432 >
135 2347 204 2396 tium
222 2345 304 2398 turbu
324 2344 517 2406 exclamasset,
539 2343 611 2394 Bene
625 2342 725 2394 meritie
740 2359 792 2393 non
802 2342 938 2394 insidiari:

136 2411 273 2473 Philotae,
284 2412 374 2474 Recte,
383 2412 484 2480 inquit,
498 2411 614 2478 quicquit
625 2427 659 2473 ee,
671 2410 744 2461 dicis.
780 2411 821 2462 37.
842 2410 939 2478 Itaque

135 2477 160 2529 ei
168 2479 308 2533 insidiatus
318 2496 384 2541 eum,
391 2495 508 2546 poenam
517 2495 571 2530 non
583 2479 726 2546 deprecor;
738 2487 764 2529 et
766 2477 852 2546 finem
857 2478 937 2548 facio

136 2545 248 2609 dicendi,
271 2547 396 2614 quoniam
415 2547 508 2598 ultima
522 2545 602 2596 oerba
615 2545 713 2614 gronio
726 2555 789 2597 tutet
798 2546 855 2596 oica
866 2545 938 2595 auri-

132 2613 293 2734 lbotoeetrio.
328 2615 482 2666 Abducitur
501 2615 602 2666 deinde
622 2613 714 2677 abiis,
736 2614 784 2682 qui
798 2613 937 2664 custodie-

153 2689 282 2734 anteum.

184 2751 232 2802 Xl.
254 2751 322 2800 Erat
339 2751 411 2802 inter
430 2751 514 2802 duces
529 2767 611 2802 manu
625 2756 754 2802 strenuus
767 2747 860 2800 Bolon
879 2749 946 2813 quiv

962 2913 993 2960 ι
