2054 3030
340 179 734 234 cinnamellus.
889 185 936 236 lot

128 285 168 336 ad
179 284 328 335 Oceanum.
365 282 469 346 Credo,
484 283 573 334 libero
585 291 771 335 commeantes
783 283 862 345 mari,
877 300 937 337 sae·
1018 295 1019 298 ’

130 355 251 420 piusque
265 351 391 402 adeundo
404 352 506 402 ceteris
520 351 679 418 incognitas
693 358 795 415 terras,
815 352 937 419 elegisse

132 418 217 472 sedes
227 417 375 479 iuventuti,
394 433 448 486 qua
458 422 523 469 tunc
533 418 721 469 abundabant:
743 434 791 469 seu
803 420 868 486 quia
879 435 937 471 cre-

129 487 191 539 bris
202 485 322 538 motibus
332 492 436 549 terrae,
450 484 588 547 (namhoc
598 499 708 552 quoqne
718 485 858 550 traditur,)
879 487 936 550 cul·

130 561 210 606 tores
226 554 284 603 eius
300 552 422 620 fatigati,
445 567 517 603 nova
531 559 559 603 et
572 560 688 604 externa
701 552 842 604 domicilia
852 555 935 605 armis

131 621 246 674 sibimet
256 635 390 686 quaerere
402 621 582 687 cogebantur.
618 622 659 668 21.
678 617 775 670 Multis
788 634 855 685 ergo
866 622 935 672 casi-

129 691 185 740 bus
201 686 339 748 deiuncta,
360 693 389 737 et
402 693 467 752 post
479 687 616 738 excidium
630 691 739 746 renata,
760 701 832 736 nuno
846 693 935 738 tannen

130 757 218 823 longa
237 770 305 821 pace
326 761 426 804 cuncta
444 752 599 813 refovente,
622 753 673 804 sub
692 752 782 803 tutela
797 753 936 806 Romanae

130 821 354 874 mansuetudinis
365 819 528 888 acquiescit.
613 819 616 824 “

182 889 216 941 V.
239 888 346 938 lisdem·
365 886 453 937 ferme
482 886 580 937 diebus
600 885 678 936 Darii
707 887 807 938 literae
828 887 938 938 adlatae

131 965 205 1018 sunt,
222 956 336 1006 tandem
349 960 381 1004 ut
398 956 458 1020 regi
473 954 601 1019 scriptae.
638 953 764 1017 Petebat,
785 960 836 1016 „ut
854 955 941 1004 liliam

131 1040 221 1085 suum,
240 1021 374 1085 (Statirae
385 1027 464 1072 erant
473 1024 594 1085 nomem)
606 1022 709 1088 nuptiis
719 1021 875 1072 Alexander
885 1021 940 1072 sibi

131 1092 310 1156 adiungeret.
355 1087 456 1140 Dotem
475 1087 538 1140 iore
565 1105 673 1140 omnem
696 1093 841 1158 regionem
866 1088 939 1140 inter

130 1156 350 1222 Hellespontum
365 1163 393 1206 et
407 1157 501 1222 Halyn
515 1171 622 1207 amnem
638 1158 731 1207 sitam:
754 1157 820 1208 inde
841 1157 939 1209 Orien-

130 1233 190 1278 tem
210 1223 397 1290 spectantibus
416 1225 498 1275 terris
519 1231 677 1276 contentum
698 1239 728 1276 se
747 1225 818 1276 fore.
864 1227 888 1275 2.
909 1225 941 1276 si

131 1295 208 1346 forte
219 1291 370 1353 dubitaret,
386 1292 460 1356 quod
476 1291 632 1353 offerretur,
645 1293 785 1359 accipere:
800 1290 940 1361 nunquam

132 1362 181 1414 diu
192 1358 290 1409 eodem
301 1359 421 1426 vestigio
434 1367 508 1410 stare
519 1359 838 1429 fortunam,semperque
850 1359 938 1411 homi·

131 1443 194 1489 nes,
212 1432 450 1495 quantamcunque
470 1427 633 1479 felicitatem
654 1426 786 1492 habeant,
805 1429 939 1479 invidiam

131 1503 227 1548 tamen
237 1494 341 1544 sentire
353 1495 494 1545 maiorem.
530 1495 554 1544 3.
574 1493 682 1556 Vereri,
694 1511 768 1546 nese
780 1497 870 1547 avium
880 1511 938 1547 mo·

133 1565 185 1626 do,
205 1577 273 1628 quas
286 1562 420 1614 naturalis
430 1561 530 1612 levites
541 1569 638 1628 ageret
647 1563 681 1612 ad
692 1563 797 1625 sidera,
812 1565 886 1614 inani
907 1579 939 1612 ac

131 1630 236 1700 puerili
246 1629 347 1679 mentis
359 1628 461 1678 ellectu
474 1627 594 1680 efferret.
630 1628 707 1680 Nihil
717 1630 855 1680 difficilius
867 1645 938 1688 esse,

133 1714 216 1766 quarn
226 1699 255 1748 in
266 1696 316 1746 illa
327 1701 419 1746 aetate
430 1702 533 1746 tantam
545 1709 646 1762 capere
654 1695 803 1746 fortunam.
834 1697 858 1746 4.
869 1697 940 1746 Mul-

132 1775 213 1817 tasse
225 1762 318 1814 adhuc
327 1762 461 1828 reliquias
472 1761 584 1819 habere,
595 1777 647 1812 nec
657 1776 766 1828 semper
776 1764 940 1830 intertingu-

132 1833 202 1885 stias
221 1846 307 1898 posse
322 1828 504 1895 deprehendi:
523 1829 720 1880 transeundum
740 1843 803 1880 esse
821 1828 941 1880 Alexan-

133 1901 185 1952 dro
197 1897 374 1966 Euphratem,
386 1899 549 1964 Tigrimque
561 1904 589 1946 et
600 1899 726 1959 Araxem,
736 1896 940 1963 etHydaspem‚

132 1983 235 2034 magna
244 1967 415 2016 munimenta
424 1968 503 2032 regni
514 1966 566 2016 sui.
596 1963 622 2016 V
623 1965 768 2015 eniendum
778 1967 807 2016 in
818 1978 941 2030 campos,

132 2035 182 2086 ubi
194 2036 332 2101 paucitate
342 2049 455 2083 suorum
465 2033 683 2084 erubescendum
694 2034 739 2084 sit.
775 2033 800 2082 5.
809 2031 940 2094 Mediam,

132 2103 320 2170 Hyrcaniam,
341 2101 444 2151 Bactra
458 2108 487 2151 ct
496 2102 578 2152 lndos
590 2101 697 2152 Oceani
706 2101 818 2152 accolas
830 2101 939 2164 quando

131 2169 291 2222 aditurum?
310 2168 355 2219 vel
365 2169 523 2234 Sogdianos
534 2175 562 2220 et
570 2168 748 2229 Arachosios,
760 2167 872 2218 nomine
882 2174 940 2218 tan·

132 2246 192 2289 tum
210 2243 304 2298 notos,
325 2243 487 2320 ceterasque
508 2245 606 2303 gentes
625 2237 659 2287 ad
674 2237 827 2286 Caucasum
846 2241 874 2286 et
888 2236 940 2286 'l'a-

132 2307 208 2358 naim
224 2303 412 2370 pertinentesl
435 2304 641 2355 benescendum
651 2304 721 2354 ¹iore
732 2309 837 2354 tanturn
855 2309 940 2358 terro-

130 2388 195 2424 rum
214 2372 256 2422 vel
273 2370 333 2422 sine
348 2371 457 2438 proelio
473 2371 596 2422 obeunti.
632 2371 655 2423 6.
676 2370 789 2422 Severo
802 2371 837 2422 ad
850 2371 940 2438 ipsum

130 2454 236 2492 vocare
256 2439 410 2490 desineret:
430 2453 548 2505 namque
567 2438 643 2490 illius
663 2438 749 2489 exitio
770 2453 832 2490 esse
845 2446 940 2490 ventu·

128 2509 225 2560 rum.“
269 2507 294 2556 i.
314 2507 471 2558 Alexander
485 2507 530 2568 iis,
551 2507 598 2572 qui
607 2506 703 2557 literas
714 2506 876 2567 attulerant,
896 2521 939 2555 re-

129 2574 260 2642 spondit:
280 2573 420 2636 „Darium
439 2574 493 2626 sibi
512 2575 604 2625 aliena
617 2573 790 2640 promittere:
807 2572 881 2689 quod
897 2578 939 2622 to·

126 2643 340 2703 tumamiserit,
360 2643 432 2692 velle
453 2643 557 2706 partiri.
594 2640 662 2692 Doti
676 2641 729 2693 sibi
740 2641 801 2692 dari
822 2638 938 2705 rydiam,

127 2713 248 2772 Ioniam,
261 2708 417 2771 Aeolidem,
437 2710 615 2776 Hellesponti
628 2724 703 2759 oram
726 2707 939 2760 victorianum
