2054 3030
306 257 451 312 LIBER
478 257 524 309 lli.
554 258 646 309 csP.
676 259 715 310 13.
859 261 908 311 133

104 358 145 412 di:
164 357 294 410 felicitati
307 364 399 408 tamen
412 358 488 425 regis
500 359 543 408 sui
555 359 688 421 confisus,
709 369 844 430 agrestes,
860 362 909 431 qul

103 426 190 478 duces
199 426 308 477 itineris
319 431 422 488 essent,
434 427 525 491 excipi
534 426 625 476 iussit.
663 428 767 487 Quibus
777 431 908 483 celeriter

100 494 232 560 repertis,
244 500 342 560 quarto
353 493 399 543 die
410 495 444 544 ad
455 494 551 544 urbem
563 495 703 560 pervenit,
716 496 771 546 iam
784 503 908 548 metuen-

101 568 132 612 te
144 560 303 628 praefecto,
323 575 358 611 ne
374 561 428 611 sibi
439 560 508 612 tides
519 559 615 612 habita
625 577 680 612 non
691 569 774 614 esset.
810 565 834 614 5.
854 566 908 632 lgi-

101 635 158 689 tur‚
176 629 254 696 quasi
267 643 364 696 parum
378 629 555 680 munimentis
567 629 663 695 oppidi
674 629 774 691 fidens,
791 639 854 680 ante
866 649 909 682 so-

100 695 139 746 lis
155 702 244 747 ortum
254 696 402 764 pecuniam
412 696 532 762 regiam,
547 696 657 762 (gazam
669 696 772 748 Persae
787 703 910 761 vocant)

102 779 165 814 cum
180 764 391 829 pretiosissimis
402 777 495 812 rerum
507 761 602 812 efferri
613 764 703 824 iubet,
723 763 818 830 fugam
829 763 910 816 simu·

100 831 172 893 lans,
187 847 217 882 re
231 846 312 891 vera,
334 837 365 880 ut
384 829 515 896 praedam
530 828 606 880 hosti
617 829 742 881 offerret.
778 831 802 881 o.
821 831 912 883 Multa

99 898 192 950 millia
200 899 323 950 virorum
334 895 554 962 feminarumque
566 898 856 965 excedentemoppido
868 914 910 949 se·

99 966 270 1033 quebantur;
291 964 418 1015 omnibus
427 964 595 1016 miserabilis
607 965 696 1029 turba,
710 974 823 1032 praeter
836 981 908 1029 eum,

98 1035 182 1086 cuius
194 1032 262 1084 fidei
273 1031 422 1084 commissa
430 1030 531 1083 fuerat.
563 1032 670 1102 Quippe
681 1050 735 1101 quo
746 1035 836 1086 maior
846 1049 908 1100 pro-

97 1100 219 1154 ditionis
230 1113 337 1150 merces
348 1097 434 1160 foret,
450 1099 573 1152 obiicere
588 1099 664 1152 hosti
678 1103 794 1168 perabat
804 1103 908 1170 gratio-

95 1183 161 1220 rem
174 1167 248 1218 omni
258 1167 376 1233 pecunia
387 1167 642 1233 praedam,nobiles
653 1171 738 1232 viros,
747 1175 908 1236 praetorum

94 1235 183 1288 Darii
194 1235 327 1302 coniuges
337 1234 511 1302 liberosque3
521 1243 634 1302 praeter
644 1235 810 1290 hosurbium
822 1237 908 1288 Grae-

96 1318 195 1356 carum
206 1301 328 1369 legatos,
344 1318 414 1369 quos
428 1303 530 1355 Darius
546 1305 622 1356 velut
636 1306 665 1356 in
680 1321 744 1358 arce
757 1307 907 1370 tutissima,

95 1375 127 1422 in
139 1369 293 1438 proditoris
303 1370 456 1438 reliquerat
466 1372 602 1423 manibus.
636 1374 662 1424 ἵ.
682 1374 831 1442 Gaugabas
842 1375 909 1425 Per-

96 1453 146 1491 sae
158 1445 260 1490 vocant
269 1436 390 1489 humeris
401 1454 488 1490 onera
502 1446 658 1506 portantes:
679 1440 708 1491 hi
721 1458 803 1509 quum
818 1441 907 1510 frigus

97 1507 224 1558 tolerare
236 1520 292 1555 non
302 1513 427 1571 possent,
446 1509 561 1574 (quippe
575 1514 604 1558 et
617 1509 743 1573 procella
757 1510 849 1562 subito
867 1509 907 1560 ni·

96 1589 160 1624 vem
172 1571 319 1634 effuderat,
327 1580 356 1624 et
365 1572 463 1624 humus
478 1575 589 1642 rigebat
600 1576 678 1642 gelu)
689 1583 746 1626 turn
758 1577 907 1628 adstrictas

94 1647 200 1704 restes,
212 1656 281 1708 quas
292 1656 353 1690 cum
365 1643 485 1706 pecunia
493 1641 653 1707 portabant,
670 1659 737 1694 auro
749 1651 777 1694 et
787 1659 909 1710 purpura

93 1711 233 1777 insignes,
244 1707 370 1770 induunt,
386 1709 463 1758 nullo
475 1706 623 1773 prohibere
635 1724 713 1769 auso,
728 1726 811 1774 quum
820 1709 908 1759 fortu-

94 1793 133 1828 na
143 1777 221 1844 re'gis
232 1777 317 1826 etiam
328 1772 490 1825 humiliimis
500 1776 529 1824 in
540 1776 630 1840 ipsum
641 1776 782 1826 licentiam
791 1776 906 1826 faceret.

96 1847 121 1896 8.
142 1844 303 1895 Praebuere
316 1857 384 1910 ergo
396 1840 574 1893 Parmenioni
586 1857 642 1892 non
657 1842 806 1909 spernendi
822 1845 908 1960 agmi-

96 1914 140 1964 nis
161 1912 299 1978 speeiem;
320 1909 367 1978 qui
381 1911 533 1962 intentiore
549 1925 704 1972 eumenes,
726 1911 836 1978 quasia
868 1912 908 1960 iu-

97 1987 173 2031 stum
183 1979 432 2046 proelium,paueis
443 1977 702 2046 adhortatus‚equis
714 1978 909 2034 calcariasub-

96 2047 167 2098 (lere
183 2047 271 2108 iubet,
292 2053 321 2097 ct
334 2047 392 2097 acri
405 2047 510 2113 impetu
522 2047 552 2097 in
567 2045 676 2098 hostem
695 2045 798 2098 invehi.
834 2045 858 2098 9.
874 2046 909 2104 At

91 2115 150 2178 illi,
165 2114 211 2181 qui
222 2115 273 2166 sub
285 2114 417 2166 oneribus
428 2121 520 2178 erant,
537 2115 648 2166 omissis
660 2115 730 2176 illis,
746 2129 796 2180 pcr
806 2121 909 2164 metum

94 2180 369 2250 capessuntfugam:
387 2183 486 2232 armati
500 2198 618 2248 quoque,
634 2184 681 2250 qui
697 2197 746 2233 eos
757 2196 908 2262 proseque-

1 2299 2 2304 ,
91 2252 207 2312 bantur,
222 2250 322 2302 eodem
332 2255 408 2300 metu
419 2252 619 2311 arnraiactare,
640 2249 908 2302 acnotadirertrcu·

1 2403 2 2426 r
91 2386 283 2447 conterritus,

1 2317 5 2359 ’ν
91 2320 299 2386 lapeterecoe
321 2327 409 2368 erunt.
446 2319 486 2368 lo.
512 2316 690 2380 Praefectus,
709 2319 788 2384 quasi
806 2319 907 2384 etipse

300 2333 462 2452 feirnulens]
480 2392 580 2436 cuncta
591 2399 695 2450 pavore
711 2386 907 2452 compleverat.

1 2493 2 2504 ,
89 2452 233 2507 Iacebant
250 2454 319 2504 totis
339 2453 444 2518 campis
460 2466 527 2519 opes
541 2455 648 2520 regiae:
667 2453 718 2503 illa
732 2455 908 2520 pecuniasti·

1 2527 2 2586 ᾖ
87 2519 202 2590 pendia
221 2521 331 2587 ingenti
350 2520 470 2570 militum
489 2526 666 2586 praeparata:
686 2520 734 2572 ille
754 2522 844 2573 cultus
865 2526 910 2570 tot

1 2592 2 2601 ²
88 2587 234 2642 nobilium
249 2590 382 2650 virorum,
403 2593 447 2637 tot
460 2587 611 2638 illustrium
625 2586 800 2640 feminarum:
823 2600 910 2638 aurea

86 2671 173 2716 vasa,
186 2657 266 2706 aurei
282 2654 383 2716 fraeni,
402 2654 583 2705 tabernacula
596 2655 685 2723 regali
702 2653 911 2723 magnificentia

1 2751 2 2758 ¹
89 2729 209 2778 ornata:
222 2725 263 2772 ll.
274 2718 404 2773 vehicula
413 2737 525 2789 quoque
536 2718 621 2774 asuis
632 2723 774 2785 destituta,
786 2719 910 2787 ingentis

1 2775 2 2808 ³
88 2793 261 2860 opulentiae
276 2789 371 2855 plena,
393 2788 482 2839 facies
498 2791 584 2840 etiam
598 2791 795 2857 praedantibus
809 2786 910 2846 tristis,
