<?xml version="1.0" encoding="UTF-8"?>
<!DOCTYPE html PUBLIC "-//W3C//DTD XHTML 1.0 Transitional//EN"
    "http://www.w3.org/TR/xhtml1/DTD/xhtml1-transitional.dtd">
<html xmlns="http://www.w3.org/1999/xhtml" xml:lang="en" lang="en">
 <head>
  <title>
</title>
<meta http-equiv="Content-Type" content="text/html;charset=utf-8" />
  <meta name='ocr-system' content='tesseract 3.04.00' />
  <meta name='ocr-capabilities' content='ocr_page ocr_carea ocr_par ocr_line ocrx_word'/>
</head>
<body>
  <div class='ocr_page' id='page_1' title='image "./qcurtiirufidere00johagoog_0411.png"; bbox 0 0 2098 3040; ppageno 0'>
   <div class='ocr_carea' id='block_1_1' title="bbox 315 199 902 254">
    <p class='ocr_par' dir='ltr' id='par_1_1' title="bbox 315 199 902 254">
     <span class='ocr_line' id='line_1_1' title="bbox 315 199 902 254; baseline 0.003 -4"><span class='ocrx_word' id='word_1_1' title='bbox 315 199 460 252; x_wconf 80' lang='lat' dir='ltr'>LIBER</span> <span class='ocrx_word' id='word_1_2' title='bbox 487 202 521 252; x_wconf 87' lang='lat' dir='ltr'><strong>X.</strong></span> <span class='ocrx_word' id='word_1_3' title='bbox 551 202 644 254; x_wconf 81' lang='lat' dir='ltr'><strong>CAP.</strong></span> <span class='ocrx_word' id='word_1_4' title='bbox 673 203 698 252; x_wconf 76' lang='lat'><strong>4.</strong></span> <span class='ocrx_word' id='word_1_5' title='bbox 853 199 902 252; x_wconf 76' lang='lat'><strong>399</strong></span> 
     </span>
    </p>
   </div>
   <div class='ocr_carea' id='block_1_2' title="bbox 92 299 905 1044">
    <p class='ocr_par' dir='ltr' id='par_1_2' title="bbox 92 299 905 1044">
     <span class='ocr_line' id='line_1_2' title="bbox 95 299 901 369; baseline 0 -17"><span class='ocrx_word' id='word_1_6' title='bbox 95 306 150 364; x_wconf 77' lang='lat' dir='ltr'><strong>ret,</strong></span> <span class='ocrx_word' id='word_1_7' title='bbox 170 300 267 356; x_wconf 85' lang='lat' dir='ltr'><strong>multis</strong></span> <span class='ocrx_word' id='word_1_8' title='bbox 281 309 380 352; x_wconf 88' lang='lat' dir='ltr'><strong>anotor</strong></span> <span class='ocrx_word' id='word_1_9' title='bbox 395 301 457 365; x_wconf 84' lang='lat' dir='ltr'><strong>fuit,</strong></span> <span class='ocrx_word' id='word_1_10' title='bbox 477 317 563 369; x_wconf 87' lang='lat' dir='ltr'><strong>seque</strong></span> <span class='ocrx_word' id='word_1_11' title='bbox 575 310 606 356; x_wconf 81' lang='lat' dir='ltr'><strong>et</strong></span> <span class='ocrx_word' id='word_1_12' title='bbox 621 305 698 354; x_wconf 82' lang='lat' dir='ltr'><strong>eima</strong></span> <span class='ocrx_word' id='word_1_13' title='bbox 710 317 761 356; x_wconf 85' lang='lat' dir='ltr'><strong>sua</strong></span> <span class='ocrx_word' id='word_1_14' title='bbox 771 299 901 368; x_wconf 72' lang='lat' dir='ltr'><strong>Hephae·</strong></span> 
     </span>
     <span class='ocr_line' id='line_1_3' title="bbox 94 367 901 437; baseline 0 -17"><span class='ocrx_word' id='word_1_15' title='bbox 94 368 185 425; x_wconf 83' lang='lat' dir='ltr'><strong>stioni</strong></span> <span class='ocrx_word' id='word_1_16' title='bbox 202 369 397 437; x_wconf 68' lang='lat' dir='ltr'><strong>consecrandi3</strong></span> <span class='ocrx_word' id='word_1_17' title='bbox 417 373 605 436; x_wconf 82' lang='lat' dir='ltr'><strong>pecuniasque</strong></span> <span class='ocrx_word' id='word_1_18' title='bbox 617 369 652 422; x_wconf 88' lang='lat' dir='ltr'><strong>ad</strong></span> <span class='ocrx_word' id='word_1_19' title='bbox 663 367 901 425; x_wconf 71' lang='lat' dir='ltr'><strong>cohonestandum</strong></span> 
     </span>
     <span class='ocr_line' id='line_1_4' title="bbox 93 434 900 503; baseline -0.002 -18"><span class='ocrx_word' id='word_1_20' title='bbox 93 435 181 488; x_wconf 87' lang='lat' dir='ltr'><strong>funus</strong></span> <span class='ocrx_word' id='word_1_21' title='bbox 192 434 271 502; x_wconf 84' lang='lat' dir='ltr'><strong>large</strong></span> <span class='ocrx_word' id='word_1_22' title='bbox 283 437 409 492; x_wconf 80' lang='lat' dir='ltr'><strong>contulit.</strong></span> <span class='ocrx_word' id='word_1_23' title='bbox 428 437 493 489; x_wconf 88' lang='lat' dir='ltr'><strong>Hec</strong></span> <span class='ocrx_word' id='word_1_24' title='bbox 503 437 660 503; x_wconf 77' lang='lat' dir='ltr'><strong>exemplum</strong></span> <span class='ocrx_word' id='word_1_25' title='bbox 670 436 771 488; x_wconf 84' lang='lat' dir='ltr'><strong>imitati</strong></span> <span class='ocrx_word' id='word_1_26' title='bbox 783 443 847 496; x_wconf 70' lang='lat' dir='ltr'><strong>sum</strong></span> <span class='ocrx_word' id='word_1_27' title='bbox 855 452 900 490; x_wconf 79' lang='lat' dir='ltr'><strong>oe.</strong></span> 
     </span>
     <span class='ocr_line' id='line_1_5' title="bbox 94 503 901 572; baseline 0.004 -19"><span class='ocrx_word' id='word_1_28' title='bbox 94 505 166 554; x_wconf 88' lang='lat' dir='ltr'><strong>teri:</strong></span> <span class='ocrx_word' id='word_1_29' title='bbox 188 517 276 569; x_wconf 87' lang='lat' dir='ltr'><strong>eaque</strong></span> <span class='ocrx_word' id='word_1_30' title='bbox 291 518 355 555; x_wconf 86' lang='lat' dir='ltr'><strong>mor</strong></span> <span class='ocrx_word' id='word_1_31' title='bbox 370 507 510 572; x_wconf 84' lang='lat' dir='ltr'><strong>processit</strong></span> <span class='ocrx_word' id='word_1_32' title='bbox 526 504 747 557; x_wconf 76' lang='lat' dir='ltr'><strong>assentationum</strong></span> <span class='ocrx_word' id='word_1_33' title='bbox 759 503 901 569; x_wconf 74' lang='lat' dir='ltr'><strong>impuden-</strong></span> 
     </span>
     <span class='ocr_line' id='line_1_6' title="bbox 95 569 902 637; baseline 0 -15"><span class='ocrx_word' id='word_1_34' title='bbox 95 572 148 632; x_wconf 77' lang='lat' dir='ltr'><strong>tia,</strong></span> <span class='ocrx_word' id='word_1_35' title='bbox 167 575 200 622; x_wconf 87' lang='lat' dir='ltr'><strong>ut</strong></span> <span class='ocrx_word' id='word_1_36' title='bbox 213 572 274 637; x_wconf 79' lang='lat' dir='ltr'><strong>regi</strong></span> <span class='ocrx_word' id='word_1_37' title='bbox 284 585 413 624; x_wconf 83' lang='lat' dir='ltr'><strong>oroerore</strong></span> <span class='ocrx_word' id='word_1_38' title='bbox 424 580 452 623; x_wconf 92' lang='lat' dir='ltr'><strong>et</strong></span> <span class='ocrx_word' id='word_1_39' title='bbox 462 573 604 624; x_wconf 87' lang='lat' dir='ltr'><strong>desiderio</strong></span> <span class='ocrx_word' id='word_1_40' title='bbox 617 569 742 622; x_wconf 80' lang='lat' dir='ltr'><strong>defuncti</strong></span> <span class='ocrx_word' id='word_1_41' title='bbox 751 571 902 628; x_wconf 70' lang='lat' dir='ltr'><strong>insanienti</strong></span> 
     </span>
     <span class='ocr_line' id='line_1_7' title="bbox 95 635 901 704; baseline 0.004 -15"><span class='ocrx_word' id='word_1_42' title='bbox 95 651 263 704; x_wconf 84' lang='lat' dir='ltr'><strong>persuasum</strong></span> <span class='ocrx_word' id='word_1_43' title='bbox 274 639 384 692; x_wconf 84' lang='lat' dir='ltr'><strong>tandem</strong></span> <span class='ocrx_word' id='word_1_44' title='bbox 394 638 489 702; x_wconf 82' lang='lat' dir='ltr'><strong>fuerit,</strong></span> <span class='ocrx_word' id='word_1_45' title='bbox 495 641 576 693; x_wconf 87' lang='lat' dir='ltr'><strong>deum</strong></span> <span class='ocrx_word' id='word_1_46' title='bbox 584 635 901 702; x_wconf 82' lang='lat' dir='ltr'><strong>esseiiephaertionem.</strong></span> 
     </span>
     <span class='ocr_line' id='line_1_8' title="bbox 97 703 901 775; baseline -0.005 -19"><span class='ocrx_word' id='word_1_47' title='bbox 97 705 161 766; x_wconf 76' lang='lat' dir='ltr'><strong>Quo</strong></span> <span class='ocrx_word' id='word_1_48' title='bbox 177 705 287 772; x_wconf 80' lang='lat' dir='ltr'><strong>quidem</strong></span> <span class='ocrx_word' id='word_1_49' title='bbox 300 713 428 772; x_wconf 85' lang='lat' dir='ltr'><strong>ternpore</strong></span> <span class='ocrx_word' id='word_1_50' title='bbox 442 722 476 759; x_wconf 87' lang='lat' dir='ltr'><strong>ex</strong></span> <span class='ocrx_word' id='word_1_51' title='bbox 491 710 633 775; x_wconf 86' lang='lat' dir='ltr'><strong>copiarum</strong></span> <span class='ocrx_word' id='word_1_52' title='bbox 649 703 766 758; x_wconf 72' lang='lat' dir='ltr'><strong>donibus</strong></span> <span class='ocrx_word' id='word_1_53' title='bbox 779 703 901 771; x_wconf 72' lang='lat' dir='ltr'><strong>agario.</strong></span> 
     </span>
     <span class='ocr_line' id='line_1_9' title="bbox 96 770 905 841; baseline 0.004 -17"><span class='ocrx_word' id='word_1_54' title='bbox 96 773 156 826; x_wconf 81' lang='lat' dir='ltr'><strong>cles</strong></span> <span class='ocrx_word' id='word_1_55' title='bbox 168 770 277 826; x_wconf 78' lang='lat' dir='ltr'><strong>Samius</strong></span> <span class='ocrx_word' id='word_1_56' title='bbox 288 773 324 828; x_wconf 83' lang='lat' dir='ltr'><strong>ad</strong></span> <span class='ocrx_word' id='word_1_57' title='bbox 335 780 488 828; x_wconf 82' lang='lat' dir='ltr'><strong>extremum</strong></span> <span class='ocrx_word' id='word_1_58' title='bbox 499 774 617 841; x_wconf 78' lang='lat' dir='ltr'><strong>periculi</strong></span> <span class='ocrx_word' id='word_1_59' title='bbox 630 773 715 834; x_wconf 83' lang='lat' dir='ltr'><strong>venit,</strong></span> <span class='ocrx_word' id='word_1_60' title='bbox 736 771 812 840; x_wconf 80' lang='lat' dir='ltr'><strong>quoe</strong></span> <span class='ocrx_word' id='word_1_61' title='bbox 825 771 905 827; x_wconf 71' lang='lat' dir='ltr'><strong>illies</strong></span> 
     </span>
     <span class='ocr_line' id='line_1_10' title="bbox 94 840 900 907; baseline 0.004 -17"><span class='ocrx_word' id='word_1_62' title='bbox 94 840 232 898; x_wconf 74' lang='lat' dir='ltr'><strong>tumulum</strong></span> <span class='ocrx_word' id='word_1_63' title='bbox 252 841 426 907; x_wconf 80' lang='lat' dir='ltr'><strong>praeteriens</strong></span> <span class='ocrx_word' id='word_1_64' title='bbox 444 842 629 894; x_wconf 83' lang='lat' dir='ltr'><strong>illacrimaase</strong></span> <span class='ocrx_word' id='word_1_65' title='bbox 650 840 822 899; x_wconf 66' lang='lat' dir='ltr'><strong>viresceret.</strong></span> <span class='ocrx_word' id='word_1_66' title='bbox 859 841 900 896; x_wconf 74' lang='lat'><strong>22.</strong></span> 
     </span>
     <span class='ocr_line' id='line_1_11' title="bbox 92 906 903 974; baseline 0.002 -16"><span class='ocrx_word' id='word_1_67' title='bbox 92 910 134 960; x_wconf 77' lang='lat' dir='ltr'><strong>Ac</strong></span> <span class='ocrx_word' id='word_1_68' title='bbox 143 909 199 963; x_wconf 81' lang='lat' dir='ltr'><strong>nisi</strong></span> <span class='ocrx_word' id='word_1_69' title='bbox 208 907 371 970; x_wconf 79' lang='lat' dir='ltr'><strong>Perdiccas,</strong></span> <span class='ocrx_word' id='word_1_70' title='bbox 382 911 494 962; x_wconf 80' lang='lat' dir='ltr'><strong>venanti</strong></span> <span class='ocrx_word' id='word_1_71' title='bbox 505 911 560 961; x_wconf 85' lang='lat' dir='ltr'><strong>sibi</strong></span> <span class='ocrx_word' id='word_1_72' title='bbox 569 906 810 974; x_wconf 66' lang='lat' dir='ltr'><strong>Hephaestionem</strong></span> <span class='ocrx_word' id='word_1_73' title='bbox 818 921 903 974; x_wconf 84' lang='lat' dir='ltr'><strong>appa·</strong></span> 
     </span>
     <span class='ocr_line' id='line_1_12' title="bbox 92 973 900 1044; baseline -0.002 -16"><span class='ocrx_word' id='word_1_74' title='bbox 92 977 185 1028; x_wconf 84' lang='lat' dir='ltr'><strong>ruisse</strong></span> <span class='ocrx_word' id='word_1_75' title='bbox 197 976 358 1036; x_wconf 76' lang='lat' dir='ltr'><strong>emenu&#39;tus,</strong></span> <span class='ocrx_word' id='word_1_76' title='bbox 370 989 420 1042; x_wconf 89' lang='lat' dir='ltr'><strong>per</strong></span> <span class='ocrx_word' id='word_1_77' title='bbox 430 975 501 1028; x_wconf 86' lang='lat' dir='ltr'><strong>deos</strong></span> <span class='ocrx_word' id='word_1_78' title='bbox 510 990 606 1030; x_wconf 84' lang='lat' dir='ltr'><strong>omnes</strong></span> <span class='ocrx_word' id='word_1_79' title='bbox 616 977 763 1043; x_wconf 76' lang='lat' dir='ltr'><strong>ipsumque</strong></span> <span class='ocrx_word' id='word_1_80' title='bbox 771 973 900 1044; x_wconf 76' lang='lat' dir='ltr'><strong>Hephae·</strong></span> 
     </span>
    </p>
   </div>
   <div class='ocr_carea' id='block_1_3' title="bbox 8 1040 901 1173">
    <p class='ocr_par' dir='ltr' id='par_1_3' title="bbox 8 1040 901 1173">
     <span class='ocr_line' id='line_1_13' title="bbox 8 1040 900 1111; baseline -0.001 -17"><span class='ocrx_word' id='word_1_81' title='bbox 8 1069 9 1110; x_wconf 66' lang='lat' dir='ltr'><strong>i</strong></span> <span class='ocrx_word' id='word_1_82' title='bbox 94 1045 217 1095; x_wconf 82' lang='lat' dir='ltr'><strong>ationem</strong></span> <span class='ocrx_word' id='word_1_83' title='bbox 228 1043 393 1105; x_wconf 70' lang='lat' dir='ltr'><strong>deiurasset,</strong></span> <span class='ocrx_word' id='word_1_84' title='bbox 413 1058 447 1096; x_wconf 82' lang='lat' dir='ltr'><strong>ex</strong></span> <span class='ocrx_word' id='word_1_85' title='bbox 456 1046 518 1111; x_wconf 83' lang='lat' dir='ltr'><strong>ipso</strong></span> <span class='ocrx_word' id='word_1_86' title='bbox 533 1059 563 1096; x_wconf 87' lang='lat' dir='ltr'><strong>se</strong></span> <span class='ocrx_word' id='word_1_87' title='bbox 579 1043 756 1111; x_wconf 77' lang='lat' dir='ltr'><strong>cognovisse,</strong></span> <span class='ocrx_word' id='word_1_88' title='bbox 777 1044 800 1093; x_wconf 78' lang='lat' dir='ltr'><strong>A</strong></span> <span class='ocrx_word' id='word_1_89' title='bbox 821 1040 900 1096; x_wconf 84' lang='lat' dir='ltr'><strong>atho·</strong></span> 
     </span>
     <span class='ocr_line' id='line_1_14' title="bbox 8 1109 901 1173; baseline 0 -13"><span class='ocrx_word' id='word_1_90' title='bbox 8 1113 9 1160; x_wconf 64' lang='lat' dir='ltr'><strong>i</strong></span> <span class='ocrx_word' id='word_1_91' title='bbox 94 1110 169 1168; x_wconf 80' lang='lat' dir='ltr'><strong>elem</strong></span> <span class='ocrx_word' id='word_1_92' title='bbox 179 1124 235 1163; x_wconf 91' lang='lat' dir='ltr'><strong>non</strong></span> <span class='ocrx_word' id='word_1_93' title='bbox 246 1117 276 1161; x_wconf 87' lang='lat' dir='ltr'><strong>ut</strong></span> <span class='ocrx_word' id='word_1_94' title='bbox 284 1117 432 1173; x_wconf 85' lang='lat' dir='ltr'><strong>mortuum,</strong></span> <span class='ocrx_word' id='word_1_95' title='bbox 444 1119 474 1162; x_wconf 88' lang='lat' dir='ltr'><strong>et</strong></span> <span class='ocrx_word' id='word_1_96' title='bbox 482 1125 569 1164; x_wconf 83' lang='lat' dir='ltr'><strong>vanae</strong></span> <span class='ocrx_word' id='word_1_97' title='bbox 580 1111 767 1163; x_wconf 78' lang='lat' dir='ltr'><strong>divinitatisti</strong></span> <span class='ocrx_word' id='word_1_98' title='bbox 812 1114 835 1161; x_wconf 91' lang='lat' dir='ltr'><strong>is</strong></span> <span class='ocrx_word' id='word_1_99' title='bbox 845 1109 901 1162; x_wconf 83' lang='lat' dir='ltr'><strong>fru-</strong></span> 
     </span>
    </p>
   </div>
   <div class='ocr_carea' id='block_1_4' title="bbox 9 1177 923 2803">
    <p class='ocr_par' dir='ltr' id='par_1_4' title="bbox 9 1177 923 2803">
     <span class='ocr_line' id='line_1_15' title="bbox 95 1177 902 1244; baseline 0.001 -17"><span class='ocrx_word' id='word_1_100' title='bbox 95 1184 155 1234; x_wconf 83' lang='lat' dir='ltr'><strong>stra</strong></span> <span class='ocrx_word' id='word_1_101' title='bbox 166 1185 293 1232; x_wconf 84' lang='lat' dir='ltr'><strong>ornatum</strong></span> <span class='ocrx_word' id='word_1_102' title='bbox 302 1177 426 1240; x_wconf 77' lang='lat' dir='ltr'><strong>flevisse,</strong></span> <span class='ocrx_word' id='word_1_103' title='bbox 440 1194 536 1232; x_wconf 81' lang='lat' dir='ltr'><strong>verum</strong></span> <span class='ocrx_word' id='word_1_104' title='bbox 546 1180 582 1232; x_wconf 85' lang='lat' dir='ltr'><strong>ab</strong></span> <span class='ocrx_word' id='word_1_105' title='bbox 593 1179 756 1234; x_wconf 78' lang='lat' dir='ltr'><strong>memorium</strong></span> <span class='ocrx_word' id='word_1_106' title='bbox 766 1177 902 1244; x_wconf 77' lang='lat' dir='ltr'><strong>pristinae</strong></span> 
     </span>
     <span class='ocr_line' id='line_1_16' title="bbox 95 1245 901 1312; baseline -0.006 -12"><span class='ocrx_word' id='word_1_107' title='bbox 95 1245 257 1300; x_wconf 74' lang='lat' dir='ltr'><strong>sodalitatis</strong></span> <span class='ocrx_word' id='word_1_108' title='bbox 278 1245 407 1298; x_wconf 82' lang='lat' dir='ltr'><strong>lacrimas</strong></span> <span class='ocrx_word' id='word_1_109' title='bbox 426 1263 482 1303; x_wconf 87' lang='lat' dir='ltr'><strong>non</strong></span> <span class='ocrx_word' id='word_1_110' title='bbox 497 1250 634 1312; x_wconf 79' lang='lat' dir='ltr'><strong>tenuisse3</strong></span> <span class='ocrx_word' id='word_1_111' title='bbox 655 1247 697 1298; x_wconf 82' lang='lat' dir='ltr'><strong>vir</strong></span> <span class='ocrx_word' id='word_1_112' title='bbox 710 1245 802 1308; x_wconf 79' lang='lat' dir='ltr'><strong>fortis,</strong></span> <span class='ocrx_word' id='word_1_113' title='bbox 824 1253 853 1296; x_wconf 87' lang='lat' dir='ltr'><strong>et</strong></span> <span class='ocrx_word' id='word_1_114' title='bbox 865 1245 901 1296; x_wconf 86' lang='lat' dir='ltr'><strong>de</strong></span> 
     </span>
     <span class='ocr_line' id='line_1_17' title="bbox 94 1313 900 1382; baseline 0 -18"><span class='ocrx_word' id='word_1_115' title='bbox 94 1327 163 1380; x_wconf 74' lang='lat' dir='ltr'><strong>rege</strong></span> <span class='ocrx_word' id='word_1_116' title='bbox 174 1313 244 1367; x_wconf 83' lang='lat' dir='ltr'><strong>bene</strong></span> <span class='ocrx_word' id='word_1_117' title='bbox 254 1314 381 1377; x_wconf 87' lang='lat' dir='ltr'><strong>meritus,</strong></span> <span class='ocrx_word' id='word_1_118' title='bbox 392 1315 506 1382; x_wconf 85' lang='lat' dir='ltr'><strong>pietatis</strong></span> <span class='ocrx_word' id='word_1_119' title='bbox 514 1317 544 1368; x_wconf 80' lang='lat' dir='ltr'><strong>in</strong></span> <span class='ocrx_word' id='word_1_120' title='bbox 556 1317 674 1370; x_wconf 81' lang='lat' dir='ltr'><strong>amicum</strong></span> <span class='ocrx_word' id='word_1_121' title='bbox 684 1329 785 1382; x_wconf 82' lang='lat' dir='ltr'><strong>graves</strong></span> <span class='ocrx_word' id='word_1_122' title='bbox 794 1329 900 1380; x_wconf 82' lang='lat' dir='ltr'><strong>poenas</strong></span> 
     </span>
     <span class='ocr_line' id='line_1_18' title="bbox 93 1379 903 1452; baseline 0.014 -24"><span class='ocrx_word' id='word_1_123' title='bbox 93 1379 210 1434; x_wconf 84' lang='lat' dir='ltr'><strong>innoxio</strong></span> <span class='ocrx_word' id='word_1_124' title='bbox 225 1382 521 1452; x_wconf 80' lang='lat' dir='ltr'><strong>capitepepeodisset.</strong></span> <span class='ocrx_word' id='word_1_125' title='bbox 559 1387 692 1440; x_wconf 67' lang='lat' dir='ltr'><strong>ceterum</strong></span> <span class='ocrx_word' id='word_1_126' title='bbox 703 1389 735 1437; x_wconf 78' lang='lat' dir='ltr'><strong>ut</strong></span> <span class='ocrx_word' id='word_1_127' title='bbox 747 1382 903 1450; x_wconf 68' lang='lat' dir='ltr'><strong>paullisper</strong></span> 
     </span>
     <span class='ocr_line' id='line_1_19' title="bbox 95 1447 900 1518; baseline 0.005 -20"><span class='ocrx_word' id='word_1_128' title='bbox 95 1463 113 1498; x_wconf 87' lang='lat' dir='ltr'><strong>a</strong></span> <span class='ocrx_word' id='word_1_129' title='bbox 122 1447 199 1499; x_wconf 88' lang='lat' dir='ltr'><strong>luctu</strong></span> <span class='ocrx_word' id='word_1_130' title='bbox 208 1456 341 1502; x_wconf 87' lang='lat' dir='ltr'><strong>avocaret</strong></span> <span class='ocrx_word' id='word_1_131' title='bbox 351 1452 484 1513; x_wconf 87' lang='lat' dir='ltr'><strong>animum,</strong></span> <span class='ocrx_word' id='word_1_132' title='bbox 494 1453 524 1502; x_wconf 83' lang='lat' dir='ltr'><strong>in</strong></span> <span class='ocrx_word' id='word_1_133' title='bbox 532 1453 720 1506; x_wconf 69' lang='lat' dir='ltr'><strong>Cossaeorum</strong></span> <span class='ocrx_word' id='word_1_134' title='bbox 730 1457 843 1518; x_wconf 77' lang='lat' dir='ltr'><strong>gentem</strong></span> <span class='ocrx_word' id='word_1_135' title='bbox 854 1465 900 1502; x_wconf 82' lang='lat' dir='ltr'><strong>ex·</strong></span> 
     </span>
     <span class='ocr_line' id='line_1_20' title="bbox 94 1514 902 1584; baseline 0 -18"><span class='ocrx_word' id='word_1_136' title='bbox 94 1514 267 1580; x_wconf 83' lang='lat' dir='ltr'><strong>peditionem</strong></span> <span class='ocrx_word' id='word_1_137' title='bbox 286 1517 418 1581; x_wconf 77' lang='lat' dir='ltr'><strong>suscepit.</strong></span> <span class='ocrx_word' id='word_1_138' title='bbox 454 1518 524 1584; x_wconf 81' lang='lat' dir='ltr'><strong>luga</strong></span> <span class='ocrx_word' id='word_1_139' title='bbox 541 1520 653 1572; x_wconf 83' lang='lat' dir='ltr'><strong>Mediae</strong></span> <span class='ocrx_word' id='word_1_140' title='bbox 673 1518 766 1568; x_wconf 80' lang='lat' dir='ltr'><strong>vicina</strong></span> <span class='ocrx_word' id='word_1_141' title='bbox 784 1518 902 1570; x_wconf 78' lang='lat' dir='ltr'><strong>Cossaei</strong></span> 
     </span>
     <span class='ocr_line' id='line_1_21' title="bbox 93 1582 902 1650; baseline 0 -18"><span class='ocrx_word' id='word_1_142' title='bbox 93 1586 204 1642; x_wconf 86' lang='lat' dir='ltr'><strong>tenent,</strong></span> <span class='ocrx_word' id='word_1_143' title='bbox 226 1596 353 1646; x_wconf 86' lang='lat' dir='ltr'><strong>asperum</strong></span> <span class='ocrx_word' id='word_1_144' title='bbox 364 1590 393 1633; x_wconf 87' lang='lat' dir='ltr'><strong>et</strong></span> <span class='ocrx_word' id='word_1_145' title='bbox 402 1597 467 1634; x_wconf 88' lang='lat' dir='ltr'><strong>acre</strong></span> <span class='ocrx_word' id='word_1_146' title='bbox 478 1598 580 1649; x_wconf 85' lang='lat' dir='ltr'><strong>genus,</strong></span> <span class='ocrx_word' id='word_1_147' title='bbox 600 1592 629 1635; x_wconf 87' lang='lat' dir='ltr'><strong>et</strong></span> <span class='ocrx_word' id='word_1_148' title='bbox 643 1582 803 1650; x_wconf 78' lang='lat' dir='ltr'><strong>praedando</strong></span> <span class='ocrx_word' id='word_1_149' title='bbox 815 1583 902 1632; x_wconf 81' lang='lat' dir='ltr'><strong>&#39;vitam</strong></span> 
     </span>
     <span class='ocr_line' id='line_1_22' title="bbox 30 1648 923 1716; baseline 0 -16"><span class='ocrx_word' id='word_1_150' title='bbox 30 1693 33 1700; x_wconf 92' lang='lat'><em>.</em></span> <span class='ocrx_word' id='word_1_151' title='bbox 94 1649 217 1702; x_wconf 85' lang='lat' dir='ltr'><strong>tolerare</strong></span> <span class='ocrx_word' id='word_1_152' title='bbox 228 1649 352 1700; x_wconf 85' lang='lat' dir='ltr'><strong>solitum.</strong></span> <span class='ocrx_word' id='word_1_153' title='bbox 376 1650 429 1700; x_wconf 51' lang='lat'><strong>¹²8.</strong></span> <span class='ocrx_word' id='word_1_154' title='bbox 444 1649 485 1701; x_wconf 80' lang='lat' dir='ltr'><strong>Ab</strong></span> <span class='ocrx_word' id='word_1_155' title='bbox 499 1648 543 1702; x_wconf 81' lang='lat' dir='ltr'><strong>his</strong></span> <span class='ocrx_word' id='word_1_156' title='bbox 554 1650 704 1704; x_wconf 76' lang='lat' dir='ltr'><strong>Persarum</strong></span> <span class='ocrx_word' id='word_1_157' title='bbox 714 1663 797 1716; x_wconf 81' lang='lat' dir='ltr'><strong>reges</strong></span> <span class='ocrx_word' id='word_1_158' title='bbox 808 1665 899 1700; x_wconf 88' lang='lat' dir='ltr'><strong>annno</strong></span> <span class='ocrx_word' id='word_1_159' title='bbox 921 1705 923 1711; x_wconf 61' lang='grc'>,</span> 
     </span>
     <span class='ocr_line' id='line_1_23' title="bbox 94 1715 903 1784; baseline -0.002 -18"><span class='ocrx_word' id='word_1_160' title='bbox 94 1716 200 1771; x_wconf 82' lang='lat' dir='ltr'><strong>tributo</strong></span> <span class='ocrx_word' id='word_1_161' title='bbox 211 1731 308 1781; x_wconf 88' lang='lat' dir='ltr'><strong>pacem</strong></span> <span class='ocrx_word' id='word_1_162' title='bbox 317 1715 456 1768; x_wconf 86' lang='lat' dir='ltr'><strong>redimere</strong></span> <span class='ocrx_word' id='word_1_163' title='bbox 468 1724 680 1784; x_wconf 85' lang='lat' dir='ltr'><strong>consueverant,</strong></span> <span class='ocrx_word' id='word_1_164' title='bbox 689 1731 724 1768; x_wconf 89' lang='lat' dir='ltr'><strong>ne</strong></span> <span class='ocrx_word' id='word_1_165' title='bbox 734 1717 764 1768; x_wconf 89' lang='lat' dir='ltr'><strong>in</strong></span> <span class='ocrx_word' id='word_1_166' title='bbox 773 1717 903 1768; x_wconf 86' lang='lat' dir='ltr'><strong>subiecta</strong></span> 
     </span>
     <span class='ocr_line' id='line_1_24' title="bbox 9 1781 900 1853; baseline -0.006 -17"><span class='ocrx_word' id='word_1_167' title='bbox 9 1831 10 1836; x_wconf 73' lang='grc'>,</span> <span class='ocrx_word' id='word_1_168' title='bbox 95 1785 276 1840; x_wconf 84' lang='lat' dir='ltr'><strong>decurrentes</strong></span> <span class='ocrx_word' id='word_1_169' title='bbox 291 1781 422 1836; x_wconf 82' lang='lat' dir='ltr'><strong>infestam</strong></span> <span class='ocrx_word' id='word_1_170' title='bbox 435 1784 592 1836; x_wconf 85' lang='lat' dir='ltr'><strong>latrociniis</strong></span> <span class='ocrx_word' id='word_1_171' title='bbox 606 1787 751 1853; x_wconf 74' lang='lat' dir='ltr'><strong>regionem</strong></span> <span class='ocrx_word' id='word_1_172' title='bbox 765 1783 900 1837; x_wconf 87' lang='lat' dir='ltr'><strong>facerent.</strong></span> 
     </span>
     <span class='ocr_line' id='line_1_25' title="bbox 9 1843 901 1920; baseline -0.001 -18"><span class='ocrx_word' id='word_1_173' title='bbox 9 1843 10 1864; x_wconf 64' lang='lat'>¹</span> <span class='ocrx_word' id='word_1_174' title='bbox 94 1851 164 1906; x_wconf 88' lang='lat' dir='ltr'><strong>Nam</strong></span> <span class='ocrx_word' id='word_1_175' title='bbox 175 1850 234 1906; x_wconf 82' lang='lat' dir='ltr'><strong>vim</strong></span> <span class='ocrx_word' id='word_1_176' title='bbox 240 1856 381 1906; x_wconf 82' lang='lat' dir='ltr'><strong>tentantes</strong></span> <span class='ocrx_word' id='word_1_177' title='bbox 392 1851 494 1904; x_wconf 75' lang='lat' dir='ltr'><strong>Persas</strong></span> <span class='ocrx_word' id='word_1_178' title='bbox 504 1851 589 1904; x_wconf 79' lang='lat' dir='ltr'><strong>facile</strong></span> <span class='ocrx_word' id='word_1_179' title='bbox 602 1852 777 1920; x_wconf 77' lang='lat' dir='ltr'><strong>repulerant,</strong></span> <span class='ocrx_word' id='word_1_180' title='bbox 797 1853 901 1917; x_wconf 84' lang='lat' dir='ltr'><strong>asperi.-</strong></span> 
     </span>
     <span class='ocr_line' id='line_1_26' title="bbox 95 1918 901 1986; baseline 0.001 -13"><span class='ocrx_word' id='word_1_181' title='bbox 95 1926 153 1973; x_wconf 79' lang='lat' dir='ltr'><strong>tate</strong></span> <span class='ocrx_word' id='word_1_182' title='bbox 166 1918 296 1974; x_wconf 79' lang='lat' dir='ltr'><strong>locorum</strong></span> <span class='ocrx_word' id='word_1_183' title='bbox 304 1918 423 1982; x_wconf 76' lang='lat' dir='ltr'><strong>defensi,</strong></span> <span class='ocrx_word' id='word_1_184' title='bbox 433 1920 463 1972; x_wconf 83' lang='lat' dir='ltr'><strong>in</strong></span> <span class='ocrx_word' id='word_1_185' title='bbox 472 1933 543 1986; x_wconf 86' lang='lat' dir='ltr'><strong>qnae</strong></span> <span class='ocrx_word' id='word_1_186' title='bbox 554 1919 778 1986; x_wconf 82' lang='lat' dir='ltr'><strong>sereoipiebant,</strong></span> <span class='ocrx_word' id='word_1_187' title='bbox 790 1919 901 1985; x_wconf 64' lang='lat' dir='ltr'><strong>quoties</strong></span> 
     </span>
     <span class='ocr_line' id='line_1_27' title="bbox 94 1985 901 2058; baseline 0.006 -22"><span class='ocrx_word' id='word_1_188' title='bbox 94 1985 180 2042; x_wconf 81' lang='lat' dir='ltr'><strong>armis</strong></span> <span class='ocrx_word' id='word_1_189' title='bbox 206 1987 416 2053; x_wconf 69' lang='lat' dir='ltr'><strong>superabantpn.</strong></span> <span class='ocrx_word' id='word_1_190' title='bbox 457 1987 543 2058; x_wconf 84' lang='lat' dir='ltr'><strong>iidem</strong></span> <span class='ocrx_word' id='word_1_191' title='bbox 568 1989 728 2043; x_wconf 81' lang='lat' dir='ltr'><strong>muneribus</strong></span> <span class='ocrx_word' id='word_1_192' title='bbox 752 1988 901 2054; x_wconf 77' lang='lat' dir='ltr'><strong>quotannis</strong></span> 
     </span>
     <span class='ocr_line' id='line_1_28' title="bbox 94 2051 903 2122; baseline 0.004 -19"><span class='ocrx_word' id='word_1_193' title='bbox 94 2051 287 2122; x_wconf 76' lang='lat' dir='ltr'><strong>placabrrntur,</strong></span> <span class='ocrx_word' id='word_1_194' title='bbox 307 2060 339 2106; x_wconf 91' lang='lat' dir='ltr'><strong>nt</strong></span> <span class='ocrx_word' id='word_1_195' title='bbox 354 2056 417 2122; x_wconf 80' lang='lat' dir='ltr'><strong>regi</strong></span> <span class='ocrx_word' id='word_1_196' title='bbox 430 2055 591 2118; x_wconf 75' lang='lat' dir='ltr'><strong>Ecbatanis,</strong></span> <span class='ocrx_word' id='word_1_197' title='bbox 612 2057 659 2110; x_wconf 87' lang='lat' dir='ltr'><strong>ubi</strong></span> <span class='ocrx_word' id='word_1_198' title='bbox 674 2052 903 2108; x_wconf 79' lang='lat' dir='ltr'><strong>aestivasolebet</strong></span> 
     </span>
     <span class='ocr_line' id='line_1_29' title="bbox 95 2119 902 2190; baseline 0 -16"><span class='ocrx_word' id='word_1_199' title='bbox 95 2119 629 2190; x_wconf 62' lang='lat' dir='ltr'><strong>ageressabylosemremigranti,tutu</strong></span> <span class='ocrx_word' id='word_1_200' title='bbox 639 2139 688 2190; x_wconf 90' lang='lat' dir='ltr'><strong>per</strong></span> <span class='ocrx_word' id='word_1_201' title='bbox 698 2137 732 2174; x_wconf 86' lang='lat' dir='ltr'><strong>ea</strong></span> <span class='ocrx_word' id='word_1_202' title='bbox 741 2122 902 2178; x_wconf 80' lang='lat' dir='ltr'><strong>locatraas·</strong></span> 
     </span>
     <span class='ocr_line' id='line_1_30' title="bbox 95 2189 902 2258; baseline 0 -18"><span class='ocrx_word' id='word_1_203' title='bbox 95 2190 157 2243; x_wconf 81' lang='lat' dir='ltr'><strong>itus.</strong></span> <span class='ocrx_word' id='word_1_204' title='bbox 165 2195 250 2242; x_wconf 84' lang='lat' dir='ltr'><strong>esset.</strong></span> <span class='ocrx_word' id='word_1_205' title='bbox 287 2189 329 2240; x_wconf 82' lang='lat'><strong>24.</strong></span> <span class='ocrx_word' id='word_1_206' title='bbox 339 2190 401 2244; x_wconf 82' lang='lat' dir='ltr'><strong>Hos</strong></span> <span class='ocrx_word' id='word_1_207' title='bbox 410 2191 498 2257; x_wconf 75' lang='lat' dir='ltr'><strong>igitur</strong></span> <span class='ocrx_word' id='word_1_208' title='bbox 506 2192 662 2248; x_wconf 74' lang='lat' dir='ltr'><strong>Alexander</strong></span> <span class='ocrx_word' id='word_1_209' title='bbox 671 2190 805 2258; x_wconf 82' lang='lat' dir='ltr'><strong>bipertito</strong></span> <span class='ocrx_word' id='word_1_210' title='bbox 817 2189 902 2254; x_wconf 76' lang='lat' dir='ltr'><strong>agmi-</strong></span> 
     </span>
     <span class='ocr_line' id='line_1_31' title="bbox 96 2256 901 2326; baseline 0.002 -20"><span class='ocrx_word' id='word_1_211' title='bbox 96 2270 133 2308; x_wconf 86' lang='lat' dir='ltr'><strong>ne</strong></span> <span class='ocrx_word' id='word_1_212' title='bbox 152 2271 188 2323; x_wconf 77' lang='lat' dir='ltr'><strong>ag</strong></span> <span class='ocrx_word' id='word_1_213' title='bbox 223 2270 316 2319; x_wconf 83' lang='lat' dir='ltr'><strong>ersus,</strong></span> <span class='ocrx_word' id='word_1_214' title='bbox 345 2257 420 2310; x_wconf 79' lang='lat' dir='ltr'><strong>istra</strong></span> <span class='ocrx_word' id='word_1_215' title='bbox 442 2258 627 2326; x_wconf 79' lang='lat' dir='ltr'><strong>qnadraginta</strong></span> <span class='ocrx_word' id='word_1_216' title='bbox 651 2260 711 2310; x_wconf 83' lang='lat' dir='ltr'><strong>dies</strong></span> <span class='ocrx_word' id='word_1_217' title='bbox 735 2256 901 2324; x_wconf 85' lang='lat' dir='ltr'><strong>perdomuit.</strong></span> 
     </span>
     <span class='ocr_line' id='line_1_32' title="bbox 97 2321 904 2393; baseline 0.002 -19"><span class='ocrx_word' id='word_1_218' title='bbox 97 2321 191 2382; x_wconf 81' lang='lat' dir='ltr'><strong>Nema</strong></span> <span class='ocrx_word' id='word_1_219' title='bbox 219 2325 283 2392; x_wconf 85' lang='lat' dir='ltr'><strong>ipso</strong></span> <span class='ocrx_word' id='word_1_220' title='bbox 293 2337 370 2391; x_wconf 78' lang='lat' dir='ltr'><strong>rege,</strong></span> <span class='ocrx_word' id='word_1_221' title='bbox 391 2324 604 2389; x_wconf 81' lang='lat' dir='ltr'><strong>etPtolsmaeo,</strong></span> <span class='ocrx_word' id='word_1_222' title='bbox 624 2330 788 2393; x_wconf 77' lang='lat' dir='ltr'><strong>quipertem</strong></span> <span class='ocrx_word' id='word_1_223' title='bbox 799 2325 904 2379; x_wconf 81' lang='lat' dir='ltr'><strong>exerei-</strong></span> 
     </span>
     <span class='ocr_line' id='line_1_33' title="bbox 98 2391 904 2462; baseline 0.001 -21"><span class='ocrx_word' id='word_1_224' title='bbox 98 2396 142 2442; x_wconf 83' lang='lat' dir='ltr'><strong>tus</strong></span> <span class='ocrx_word' id='word_1_225' title='bbox 154 2391 282 2454; x_wconf 80' lang='lat' dir='ltr'><strong>ducebat,</strong></span> <span class='ocrx_word' id='word_1_226' title='bbox 295 2407 379 2461; x_wconf 85' lang='lat' dir='ltr'><strong>saepe</strong></span> <span class='ocrx_word' id='word_1_227' title='bbox 388 2394 473 2456; x_wconf 85' lang='lat' dir='ltr'><strong>caesi,</strong></span> <span class='ocrx_word' id='word_1_228' title='bbox 484 2395 650 2462; x_wconf 75' lang='lat' dir='ltr'><strong>utoeptivos</strong></span> <span class='ocrx_word' id='word_1_229' title='bbox 661 2409 728 2446; x_wconf 86' lang='lat' dir='ltr'><strong>suos</strong></span> <span class='ocrx_word' id='word_1_230' title='bbox 736 2395 904 2459; x_wconf 75' lang='lat' dir='ltr'><strong>reciperent,</strong></span> 
     </span>
     <span class='ocr_line' id='line_1_34' title="bbox 97 2460 903 2528; baseline -0.006 -14"><span class='ocrx_word' id='word_1_231' title='bbox 97 2460 249 2526; x_wconf 76' lang='lat' dir='ltr'><strong>permisere</strong></span> <span class='ocrx_word' id='word_1_232' title='bbox 269 2475 299 2512; x_wconf 84' lang='lat' dir='ltr'><strong>se</strong></span> <span class='ocrx_word' id='word_1_233' title='bbox 315 2461 425 2517; x_wconf 83' lang='lat' dir='ltr'><strong>victori.</strong></span> <span class='ocrx_word' id='word_1_234' title='bbox 459 2460 511 2512; x_wconf 86' lang='lat' dir='ltr'><strong>Ille</strong></span> <span class='ocrx_word' id='word_1_235' title='bbox 525 2462 633 2518; x_wconf 80' lang='lat' dir='ltr'><strong>validas</strong></span> <span class='ocrx_word' id='word_1_236' title='bbox 644 2462 730 2514; x_wconf 84' lang='lat' dir='ltr'><strong>urbes</strong></span> <span class='ocrx_word' id='word_1_237' title='bbox 737 2460 903 2528; x_wconf 81' lang='lat' dir='ltr'><strong>opportunis</strong></span> 
     </span>
     <span class='ocr_line' id='line_1_35' title="bbox 96 2526 905 2594; baseline 0.001 -16"><span class='ocrx_word' id='word_1_238' title='bbox 96 2526 170 2578; x_wconf 83' lang='lat' dir='ltr'><strong>locis</strong></span> <span class='ocrx_word' id='word_1_239' title='bbox 190 2529 296 2584; x_wconf 62' lang='lat' dir='ltr'><strong>astrui</strong></span> <span class='ocrx_word' id='word_1_240' title='bbox 314 2528 406 2590; x_wconf 85' lang='lat' dir='ltr'><strong>iussit,</strong></span> <span class='ocrx_word' id='word_1_241' title='bbox 427 2543 461 2580; x_wconf 90' lang='lat' dir='ltr'><strong>ne</strong></span> <span class='ocrx_word' id='word_1_242' title='bbox 482 2529 603 2586; x_wconf 83' lang='lat' dir='ltr'><strong>abducto</strong></span> <span class='ocrx_word' id='word_1_243' title='bbox 616 2531 750 2585; x_wconf 79' lang='lat' dir='ltr'><strong>exercitu</strong></span> <span class='ocrx_word' id='word_1_244' title='bbox 761 2528 905 2594; x_wconf 80' lang='lat' dir='ltr'><strong>ienageoe</strong></span> 
     </span>
     <span class='ocr_line' id='line_1_36' title="bbox 98 2581 903 2661; baseline 0.009 -15"><span class='ocrx_word' id='word_1_245' title='bbox 98 2581 422 2660; x_wconf 65' lang='lat' dir='ltr'><strong>obedientiamerneret.</strong></span> <span class='ocrx_word' id='word_1_246' title='bbox 449 2597 537 2648; x_wconf 83' lang='lat' dir='ltr'><strong>Motis</strong></span> <span class='ocrx_word' id='word_1_247' title='bbox 547 2598 613 2656; x_wconf 81' lang='lat' dir='ltr'><strong>inde</strong></span> <span class='ocrx_word' id='word_1_248' title='bbox 624 2599 734 2661; x_wconf 68' lang='lat' dir='ltr'><strong>caenis,</strong></span> <span class='ocrx_word' id='word_1_249' title='bbox 743 2602 776 2652; x_wconf 89' lang='lat' dir='ltr'><strong>ut</strong></span> <span class='ocrx_word' id='word_1_250' title='bbox 785 2595 903 2652; x_wconf 65' lang='lat' dir='ltr'><strong>militem</strong></span> 
     </span>
     <span class='ocr_line' id='line_1_37' title="bbox 98 2662 902 2730; baseline 0.002 -18"><span class='ocrx_word' id='word_1_251' title='bbox 98 2676 132 2714; x_wconf 83' lang='lat' dir='ltr'><strong>ex</strong></span> <span class='ocrx_word' id='word_1_252' title='bbox 152 2662 278 2716; x_wconf 84' lang='lat' dir='ltr'><strong>editione</strong></span> <span class='ocrx_word' id='word_1_253' title='bbox 296 2666 403 2719; x_wconf 84' lang='lat' dir='ltr'><strong>recenti</strong></span> <span class='ocrx_word' id='word_1_254' title='bbox 419 2664 527 2722; x_wconf 82' lang='lat' dir='ltr'><strong>fessum</strong></span> <span class='ocrx_word' id='word_1_255' title='bbox 540 2666 678 2729; x_wconf 86' lang='lat' dir='ltr'><strong>reficeret,</strong></span> <span class='ocrx_word' id='word_1_256' title='bbox 699 2667 777 2720; x_wconf 83' lang='lat' dir='ltr'><strong>lento</strong></span> <span class='ocrx_word' id='word_1_257' title='bbox 791 2663 902 2730; x_wconf 73' lang='lat' dir='ltr'><strong>agnitae</strong></span> 
     </span>
     <span class='ocr_line' id='line_1_38' title="bbox 98 2677 901 2803; baseline -0.001 -20"><span class='ocrx_word' id='word_1_258' title='bbox 98 2677 271 2795; x_wconf 55' lang='lat' dir='ltr'><strong>Badrlonem</strong></span> <span class='ocrx_word' id='word_1_259' title='bbox 281 2733 460 2799; x_wconf 82' lang='lat' dir='ltr'><strong>procedebat.</strong></span> <span class='ocrx_word' id='word_1_260' title='bbox 482 2735 594 2803; x_wconf 79' lang='lat' dir='ltr'><strong>iamque</strong></span> <span class='ocrx_word' id='word_1_261' title='bbox 605 2737 652 2788; x_wconf 81' lang='lat' dir='ltr'><strong>vix</strong></span> <span class='ocrx_word' id='word_1_262' title='bbox 662 2735 778 2803; x_wconf 83' lang='lat' dir='ltr'><strong>triginta</strong></span> <span class='ocrx_word' id='word_1_263' title='bbox 788 2731 822 2784; x_wconf 88' lang='lat' dir='ltr'><strong>ab</strong></span> <span class='ocrx_word' id='word_1_264' title='bbox 834 2730 901 2782; x_wconf 86' lang='lat' dir='ltr'><strong>urbe</strong></span> 
     </span>
    </p>
   </div>
   <div class='ocr_carea' id='block_1_5' title="bbox 0 0 1054 3040">
    <p class='ocr_par' dir='ltr' id='par_1_5' title="bbox 0 0 1054 3040">
     <span class='ocr_line' id='line_1_39' title="bbox 0 0 1054 3040; baseline 0 0"><span class='ocrx_word' id='word_1_265' title='bbox 0 0 1054 3040; x_wconf 95' lang='lat' dir='ltr'><strong> </strong></span> 
     </span>
    </p>
   </div>
  </div>
 </body>
</html>
