2048 3034
70 191 122 244 248
290 187 460 249 QUINTl
491 189 657 240 CUR‘l'll

70 296 109 345 cit
124 290 167 342 his
182 289 371 356 Aphobetum,
392 290 520 352 loceum,
540 291 716 352 Dioxenum,
735 289 876 410 Arcbepp·

68 361 125 420 lim,
138 365 167 408 et
178 359 332 424 Amyntam.
361 358 410 409 lo.
429 357 535 409 Ab'hoc
546 373 676 408 serm-one
687 359 818 410 dimissus
852 361 876 410 r·-

69 423 227 487 eumachus,
249 426 284 477 ad
295 424 419 488 fratrem,
436 425 584 490 (Cebalino
596 432 657 476 erat
667 429 791 490 nomem)
804 433 877 494 quae

68 498 225 557 acceperat,
246 491 347 544 defert.
384 493 491 554 Placet,
510 493 601 559 ipsum
621 492 776 544 subsistere
793 495 823 543 in
835 501 875 543 ta-

66 559 233 622 bernaculo,
244 575 292 623 ne,
304 559 329 612 si
339 561 446 640 regiam
457 561 600 624 intrasset,
611 575 666 612 non
677 567 807 612 assuetus
817 561 878 610 adi-

66 643 97 678 re
118 641 223 694 regern,
244 630 383 679 coniuratr
402 627 529 694 proditos
550 641 581 678 se
602 641 664 680 esse
678 629 874 680 resciscerent.

68 697 107 745 17.
127 696 189 762 lpse
204 695 355 747 cebalinus
370 701 434 745 ante
452 695 619 746 vestibulum
639 697 750 776 regiae,
771 697 878 762 (neque

67 763 140 813 enim
152 764 266 830 propius
276 763 369 814 aditos
381 762 407 813 ei
417 762 552 828 patebat)
565 763 704 824 consistit,
725 763 875 830 opperiens

66 832 188 898 aliquem
199 831 352 882 amicorum
362 844 398 882 ex
407 831 497 896 prima
506 828 636 892 cohorte,
649 845 703 949 pue
714 827 876 880 introduce·
920 847 925 868 r

65 907 144 950 retur
163 899 199 949 ad
217 913 322 966 regem.
360 897 401 947 18.
420 899 506 950 Forte
527 899 628 950 ceteris
669 897 783 959 lmissis,
802 913 875 948 unus

66 965 203 1027 Philotas,
220 965 414 1016 Parmenionis
426 966 510 1028 filius,
522 967 659 1018 incertum
671 980 751 1034 quam
764 963 800 1016 ob
811 976 876 1016 cau·

66 1049 135 1096 sam,
146 1033 311 1086 substiterat
320 1033 349 1082 in
358 1033 447 1100 regia.
483 1033 558 1084 Huic
571 1033 732 1095 Cebalinus,
746 1043 795 1083 ore
809 1046 876 1084 con-

65 1101 129 1154 fuso
149 1115 267 1168 magnae
288 1099 508 1166 perturbationis
528 1107 611 1154 notas
630 1115 697 1168 pree
717 1113 748 1152 se
768 1097 876 1162 ferens,

66 1171 168 1236 aperit,
179 1181 250 1234 quae
262 1182 297 1218 ex
306 1166 395 1218 fratre
407 1176 595 1236 compererat,
607 1176 636 1220 et
645 1165 705 1220 sibe
718 1167 883 1232 cunctatio·¹

64 1252 99 1287 ne
110 1235 233 1287 nuntiari
243 1233 305 1300 regi
314 1231 401 1284 iubet.
428 1234 468 1284 1⁹.
480 1233 618 1300 Philotas,
630 1237 743 1290 laudato
755 1237 799 1296 eo}
811 1247 878 1302 pro·

64 1304 140 1354 tinus
159 1303 247 1351 intrat
265 1300 300 1351 ad
318 1300 519 1365 Alexandrum3
542 1305 687 1370 multoque
703 1303 823 1354 invicem
839 1301 880 1353 de

65 1371 129 1421 aliis
139 1369 223 1420 rebus
236 1374 383 1419 consumto
395 1383 534 1432 sermone,
544 1369 615 1422 nihil
625 1385 735 1434 eorum,
756 1383 828 1437 quae
840 1383 877 1420 ex

66 1435 201 1490 Cebalino
222 1443 402 1502 cognoverat,
423 1438 540 1488 nuntiat.
581 1439 622 1490 211.
652 1439 709 1492 Sub
728 1441 877 1506 vesperam

66 1519 128 1555 eum
142 1503 326 1570 prodeuntem
339 1505 368 1555 in
383 1505 522 1556 vestibulo
533 1508 629 1576 regiae
641 1507 746 1574 excipit
755 1506 879 1568 iuvenis,

66 1587 101 1623 an
118 1569 276 1623 mandatum
292 1579 442 1625 exsecutus
457 1572 697 1640 ioretrequirens.
732 1573 793 1635 llle,
818 1587 877 1626 nou

65 1636 316 1691 vacasse'sermoni
328 1655 379 1692 ruo
390 1655 485 1709 regen]
498 1648 641 1705 causatus,
653 1641 794 1693 discessit.
830 1641 874 1691 21.

65 1708 187 1760 Postero
198 1707 244 1758 die
251 1706 400 1759 cebalinus
410 1709 533 1760 venienti
542 1710 572 1761 in
582 1711 688 1778 regiam
699 1715 811 1776 praesto
822 1713 880 1772 est,

64 1775 270 1842 intrantemque
296 1776 428 1828 admonet
449 1777 541 1844 pridie
567 1777 787 1830 communicatae
812 1789 878 1826 cum

64 1845 127 1910 ipso
138 1843 189 1894 rei.
225 1844 276 1894 llle
293 1859 376 1896 curae
391 1845 444 1897 sibi
460 1859 523 1897 esse
536 1846 702 1912 respondet:
724 1861 756 1896 ac
771 1851 876 1894 netum

66 1911 177 1978 quidem
195 1914 267 1978 regi,
288 1927 359 1979 quae
377 1912 516 1975 audierat,
538 1914 636 1980 aperit.
670 1915 714 1964 22.
734 1912 877 1978 Coeperat

66 1979 201 2032 Cebalino
214 1993 277 2030 esse
287 1986 442 2046 susspectus.
482 1980 580 2048 ltaque
590 1995 645 2032 non
657 1979 732 2032 ultra
741 1977 880 2045 interpel-

64 2046 178 2099 landum
187 2053 266 2097 ratus
273 2082 281 2108 ,
294 2047 383 2098 nobili
392 2046 495 2110 iuveni,
507 2049 631 2110 (Metron
643 2054 704 2100 erat
713 2047 740 2098 ei
749 2047 875 2110 nomem)

65 2127 149 2181 super
161 2115 405 2165 armamentarium
416 2115 603 2184 posito,quod
614 2117 706 2168 scelus
717 2119 880 2182 pararetur,

63 2182 179 2234 indicat.
216 2181 258 2233 23.
277 2181 329 2231 llle
343 2180 479 2233 cebalino
490 2184 518 2233 in
531 2184 746 2235 armamentario
757 2181 878 2232 abscon·

66 2249 135 2311 dito,
157 2250 285 2316 protinus
295 2247 366 2316 regi,
386 2263 488 2315 corpus
499 2250 575 2302 forte
585 2251 702 2313 curanti,
721 2250 787 2318 quid
797 2249 825 2301 ei
835 2248 880 2298 in·

66 2317 120 2368 dsx
141 2316 299 2376 detulisset,
322 2317 453 2367 ostendit.
489 2319 530 2368 21.
550 2317 618 2382 Rex,
640 2320 675 2370 ad
695 2314 879 2384 comprehen-

66 2382 186 2436 dendum
194 2382 326 2434 Dimnum
337 2384 430 2436 missis
442 2387 621 2449 satellitibus,
633 2385 880 2438 armamentarium

65 2453 161 2504 intrat.
197 2445 240 2501 lbi
260 2449 410 2503 Cebalinus
430 2455 534 2533 gaudio
555 2454 654 2519 elatus,
674 2453 758 2506 tabeo
779 2459 813 2515 te,
835 2451 879 2502 in·

66 2520 136 2637 poit,
156 2517 315 2570 incolumem
331 2535 364 2572 er
377 2519 521 2588 impaoram
535 2521 657 2574 manibus
667 2529 795 2588 ereptam.
833 2517 878 2570 25.

92 2593 253 2638 ercontatus
272 2587 372 2640 deinde
384 2587 543 2641 Alexander
553 2604 624 2658 quae
634 2590 776 2642 noscenda
787 2591 882 2650 erent,

68 2653 166 2706 ordine
177 2661 278 2707 cuncta
287 2657 447 2724 cognoscit.
476 2658 637 2724 Rursusque
647 2657 751 2710 institit
761 2667 880 2724 quaere·

68 2733 109 2784 re,
121 2728 221 2789 quotus
231 2723 292 2774 dies
304 2731 390 2786 esset,
403 2737 438 2775 ex
449 2739 503 2791 quo
514 2723 699 2777 Nicomachus
711 2725 745 2776 ad
757 2739 820 2775 eum
831 2722 881 2773 de·
