2054 3030
217 160 530 272 soaruuuanra.
552 199 626 249 ma.
649 199 681 249 u.
702 200 785 251 cae.
810 200 834 250 a
893 201 927 252 eo
1011 151 1013 166 ’

110 300 410 366 periculo,ma1·itimo
425 303 526 354 itinere
537 301 668 352 Memnon
683 301 857 353 submiserat.
883 303 926 353 lta

112 375 243 418 conatus
253 369 436 420 Macedonum
447 371 543 424 irritus
554 367 616 419 fuit.
652 366 676 418 li.
704 369 869 432 Alexander,
889 371 924 421 ad

113 435 300 486 obsidionem
313 436 506 488 Halicarnassi
520 450 663 496 reversus,
683 442 745 486 ante
761 439 853 488 omnia
867 436 924 489 ios·

113 517 197 564 sam,
219 503 334 570 triginta
345 505 463 570 maxime
474 505 583 554 cubitos
594 503 692 564 latam,
713 502 794 554 altam
809 505 924 570 quinde-

113 570 186 631 cim,
198 585 278 636 quarn
289 571 385 622 hostes
397 587 447 638 pro
456 573 524 623 urbe
536 572 682 631 duxerant,
692 569 925 635 expleturus,tres

111 639 278 688 testudines
288 646 412 706 apparat,
424 639 524 704 quibus
535 643 679 704 protectus
690 637 771 686 miles
782 641 925 690 materiam

112 715 280 774 terramque
300 707 361 756 sine
381 721 457 756 rroxa
476 711 651 772 congereret.
695 705 820 768 Aequata
838 705 924 768 fossa,

112 780 213 823 turres
223 771 432 838 machinasque,
450 772 550 838 quibus
560 772 631 822 nturi
642 777 812 834 sternuntur,
833 771 926 824 admo·

112 840 181 890 veri
190 841 283 891 iussit.
320 841 346 890 7.
366 841 479 906 lamque
490 845 579 889 strata
587 839 761 888 moeniorum
772 845 860 904 parte,
873 855 927 906 qua

112 909 217 958 ruinae
228 910 302 958 riam
313 906 484 972 aperiebant,
497 908 526 957 in
539 906 633 956 urbem
643 911 791 972 penetrare
801 906 927 956 niteban-

112 981 179 1038 tur3
202 976 252 1026 sed
267 973 377 1034 hostes,
398 988 480 1040 quum
496 969 532 1024 oh
545 974 748 1024 multitudinem
761 973 867 1041 integri
881 990 925 1024 su·
958 975 961 982 '

111 1041 206 1092 binde
226 1041 311 1092 fessis
330 1041 526 1103 succederent,
547 1041 701 1108 ducumque
715 1041 877 1108 praesentia
890 1040 925 1091 ad

113 1109 219 1159 omnia
236 1108 363 1158 audenda
386 1110 631 1171 confirmarentur,
655 1114 768 1159 strenue
787 1123 924 1176 repugna·

111 1176 195 1226 bant.
232 1177 256 1228 8.
276 1175 353 1228 Luce
362 1191 412 1242 per
422 1179 497 1228 varia
508 1177 661 1228 certamina
672 1183 826 1237 consumta,
839 1191 923 1242 quum

114 1244 220 1295 diurno
236 1243 334 1294 labore
350 1243 485 1312 fatigatos
502 1243 599 1296 hostes
609 1245 741 1296 Memnon
751 1245 865 1311 segnius
877 1260 922 1294 cu·

114 1311 226 1370 stedine
239 1327 323 1377 agere
335 1313 476 1375 crederet,
496 1328 559 1363 cum
571 1312 664 1364 valida
675 1327 757 1364 manu
767 1313 923 1379 prorumpit

114 1378 234 1446 oppido,
255 1382 403 1446 ignemque
414 1381 546 1447 operibus
556 1381 656 1432 inlicit.
693 1379 748 1431 sed
759 1377 921 1431 Macedoni·

112 1447 168 1496 hus
180 1447 215 1496 ad
230 1447 388 1498 incendium
405 1449 652 1509 concurrentibus,
676 1463 757 1515 quum
773 1445 802 1496 hi
817 1448 922 1499 exstin-

114 1529 203 1579 guere
218 1512 341 1566 flammas
356 1522 534 1578 conarentur,
555 1515 599 1566 illi
615 1522 765 1583 augerent,
786 1520 815 1565 et
827 1513 921 1581 prohi-

113 1581 248 1631 bentibus
257 1583 311 1631 vim
321 1585 500 1644 intentarent,
507 1598 571 1634 acre
581 1583 718 1648 proelium
728 1587 855 1633 coortum
867 1589 921 1632 est.

114 1649 140 1698 e.
162 1648 270 1716 Quippe
281 1649 451 1700 Macedones
462 1651 564 1700 robore
578 1651 688 1701 virtutis
703 1656 732 1702 et
741 1649 922 1700 assuetudine

114 1717 305 1782 periculorum
315 1717 401 1783 longe
411 1723 586 1783 praestantes
597 1716 734 1777 hostibus,
748 1731 863 1766 numera
875 1729 923 1780 ap-

114 1790 270 1850 paratuque
286 1784 435 1834 Persarum
448 1783 630 1850 urgebantur:
651 1791 680 1834 et
693 1784 758 1848 quia
771 1781 845 1831 haud
858 1796 922 1846 pro·

116 1851 164 1902 cul
177 1854 262 1902 muris
277 1866 322 1903 res
334 1852 498 1918 gerebatur,
518 1850 638 1902 ballistis
654 1848 858 1915 catapultisque
873 1863 925 1914 per

114 1920 230 1970 moenia
240 1918 384 1986 dispositis
396 1920 503 1971 eminus
514 1918 642 1985 impetiti,
654 1918 744 1968 inulta
754 1914 869 1967 vulnera
878 1929 922 1965 ac-

117 1986 268 2051 cipiebant.
306 1989 346 2037 1⁰.
370 1989 457 2039 Atrox
474 1987 549 2038 inter
568 1985 637 2038 haec
657 1987 787 2050 utrinque
806 1982 921 2044 clamor,

115 2054 289 2104 hortantium
304 2071 385 2118 suos,
404 2055 606 2121 increpantium
624 2055 770 2115 adversos3
790 2056 850 2102 tum
860 2065 921 2100 sau·

117 2123 226 2173 eiorum
238 2129 267 2174 et
276 2124 453 2174 morientium
464 2124 672 2191 gemitus,inter
684 2127 834 2172 nocturnes
846 2123 923 2168 tene·

116 2192 183 2241 bras
201 2191 295 2240 omnia
307 2197 415 2242 terrore
433 2191 607 2258 tumultuque
623 2189 820 2255 impleverant:
839 2201 923 2254 auge·

116 2258 220 2308 bantur
230 2255 299 2308 haec
309 2259 426 2310 vocibus
439 2265 550 2310 ceterae
559 2255 758 2316 multitudinis,
776 2269 846 2321 quae
858 2254 922 2305 dum

117 2324 310 2392 aliipugnant,
331 2327 536 2392 operiintenta,
557 2327 652 2387 muris,
691 2320 922 2388 uipulsumaehi·
999 2347 1000 2361 κ

116 2406 215 2444 narum
226 2401 399 2453 corruerant,
407 2394 569 2460 reparandis
581 2407 686 2458 occupa
707 2398 777 2441 atur.
797 2391 836 2441 ll.
850 2391 922 2440 Tan·
996 2409 999 2438 r

117 2461 182 2513 dem
199 2461 291 2512 aerius
306 2462 398 2512 adnisi
411 2462 582 2513 Macedones
595 2457 705 2510 hostem
722 2459 796 2509 intra
811 2457 923 2509 moenia
995 2451 998 2516 j

114 2526 307 2595 redegemnt,
326 2535 437 2586 centum
455 2529 634 2596 septuaginta
651 2525 826 2589 interiectis,
848 2526 925 2574 inter
994 2559 996 2584 ,

116 2609 189 2665 quos
203 2602 233 2646 et
241 2595 455 2662 Neoptolemus,
466 2597 513 2664 qui
524 2612 584 2647 curn
595 2598 713 2663 Amynta
723 2593 811 2646 fratre
821 2590 856 2641 ad
866 2588 921 2639 Da·
984 2636 990 2649 ,

115 2662 385 2730 1·iunrperfugerat‚
406 2665 544 2716 occubuit.
591 2666 631 2714 12.
659 2662 845 2714 Macedonum
866 2671 923 2707 non

116 2729 230 2800 quidem
243 2732 316 2783 ultra
326 2732 449 2783 sedecim
463 2731 615 2799 perierunt;
635 2731 686 2783 sed
700 2725 822 2780 trecenti
833 2721 924 2774 ferme
955 2753 958 2760 ⁴
983 2726 990 2771 .¹
