2048 3034
321 219 710 288 missurusne.
807 201 809 211 ‘
867 217 956 279 215'

114 322 174 376 belli
188 323 268 375 nsoter
280 323 403 391 supersit,
424 341 504 394 quam
517 324 648 378 exhausta
659 327 702 378 sit.
736 327 762 379 u.
779 327 854 392 Quid
861 329 916 380 rui-

114 407 171 442 mus
193 389 337 442 belluarum
356 391 412 444 rita
431 392 460 444 in
474 392 622 461 perniciem
644 409 698 445 non
722 396 917 448 macenariam!

115 457 240 510 Fortium
250 457 367 510 uirorum
377 468 423 522 eet,
434 459 522 528 magis
533 469 645 512 mortem
655 470 918 532 conternnere,qrucm

116 525 298 577 adiciendam.
333 528 359 577 1.
380 527 465 596 Saepe
479 527 568 580 taedio
582 527 683 579 laboris
693 529 864 583 uirilitatem
874 531 918 584 rui

113 592 327 661 conrpelluntars‘
365 594 421 646 ari:
439 605 470 646 at
480 595 564 646 uirtus
581 593 650 646 nillil
660 594 827 662 inexpertum
838 599 914 651 omit·
1008 623 1009 630 ¹

114 659 156 711 tit.
190 659 286 728 ltaque
300 659 422 714 utimum
439 662 556 714 omnium
572 671 705 724 moreest,
724 661 916 730 udqrr‘amnon
1008 667 1009 674 ’

105 727 189 796 pigre
197 727 239 780 ire
247 728 313 780 satis
323 737 373 780 ert.
408 729 432 780 8.
452 729 570 781 Proinde
579 728 604 780 ri
612 729 725 792 Baetra,
737 731 809 798 quod
816 733 915 784 tutissi-

112 811 182 846 mum
192 797 388 864 receptaculum
398 805 444 857 ert,
460 796 592 863 potiorum
610 797 779 876 praesertum
798 798 916 866 regionis

111 863 166 914 eius
176 861 297 925 Bessum,
309 879 400 942 regem
410 864 536 930 temporie
545 872 641 931 gruter
651 873 809 916 statuamus.
840 865 915 918 Com·

105 930 205 996 positia
224 931 311 992 rebus,
331 939 402 982 sueto
416 931 478 998 regi
489 929 721 998 tibifldoeiorium
735 932 915 986 restituerim-

105 997 223 1064 periam.
260 998 284 1047 9.
304 995 387 1050 Haud
397 999 494 1050 mirum
506 1000 563 1061 est,
573 999 687 1050 Darium
700 1015 754 1051 non
765 1009 916 1068 temperas-

110 1079 142 1114 se
154 1065 258 1126 animo,
268 1079 431 1134 quamquam
442 1072 498 1118 tam
509 1067 609 1133 impiae
620 1070 683 1120 ruci
693 1075 825 1136 quantum
836 1069 916 1120 nefas

110 1131 251 1194 subesset,
263 1132 376 1205 latebat.
414 1135 452 1185 lu.
465 1135 571 1202 ltaque,
578 1134 729 1202 persirnum,
737 1137 915 1204 iuquit,man-

108 1197 219 1266 cupium,
230 1199 355 1267 reperisti
364 1209 484 1268 optatum
496 1202 546 1254 tibi
555 1212 664 1270 tempus,
677 1219 728 1271 qao
735 1203 916 1271 parricidium

108 1266 245 1334 aperires!
255 1268 409 1337 strictoque
419 1270 532 1322 acinace
543 1271 743 1323 interfecturus
754 1272 914 1336 ridebatur3

106 1335 135 1384 ni
146 1349 266 1402 propere
276 1335 380 1388 Bessus
391 1338 603 1406 Bactrianique,
613 1341 735 1392 tristium
746 1342 856 1406 specie,
869 1355 913 1391 ce·

106 1407 208 1464 terum,
228 1405 253 1454 si
271 1413 478 1469 perseveraret,
498 1407 629 1470 vincturi,
651 1409 912 1460 circumstetissent.

106 1470 147 1521 11.
166 1468 348 1522 Nabarzanes
360 1472 471 1524 interim
483 1473 608 1540 elapsus,
618 1490 683 1526 mox
693 1482 722 1526 et
732 1475 836 1528 Bessus
847 1491 913 1526 cun·
965 1513 968 1519 -

106 1544 236 1599 secutus,
247 1540 357 1605 copias,
368 1540 466 1606 quibus
477 1549 639 1606 praeerant,
653 1549 775 1592 acetaro
787 1543 913 1593 exercitu

106 1605 242 1656 secedere
253 1606 363 1669 iubent3
374 1613 512 1658 secretum
521 1609 620 1659 inituri
630 1609 786 1660 consilium.
811 1611 850 1659 12.
861 1608 913 1659 Ar-

104 1672 225 1724 tabazus
250 1674 462 1726 convenientem
484 1675 625 1740 praesenti
649 1673 779 1726 fortunae
803 1683 913 1726 senten-

105 1741 173 1792 tiam
192 1754 283 1802 orsus,
304 1741 434 1808 mitigare
447 1740 571 1803 Darium,
591 1749 745 1807 temporum
760 1740 915 1792 identidem

106 1808 272 1871 admonens,
284 1809 389 1873 coepit:
413 1808 511 1859 Ferret
520 1823 611 1874 aequo
622 1810 713 1859 animo
725 1809 913 1875 qualiumcun-

105 1890 168 1942 que,
191 1891 305 1926 suorum
315 1883 418 1938 tamen,
434 1876 479 1926 vel
490 1875 636 1926 stultitiam
647 1875 691 1926 vel
703 1889 836 1926 errorem.
871 1872 913 1926 in·
1008 1927 1009 1930 ,

105 1950 181 1994 stare
194 1942 382 1994 Alexandrum
393 1943 630 2012 gravem,etiamsi
641 1958 736 1994 omnes
746 1950 860 2010 praesto
871 1958 913 1994 es·

105 2018 179 2061 sente
202 2011 268 2078 quid
285 2010 421 2074 futurum,
441 2013 466 2062 si
482 2013 620 2079 persecuti
638 2011 732 2079 fugam
747 2011 835 2078 ipsius
847 2011 914 2060 alie·

104 2079 223 2131 nentur‘l
258 2079 298 2130 13.
317 2081 408 2146 Aegre
428 2081 520 2146 paruit
539 2080 687 2142 Artabazo,
708 2088 738 2130 et
748 2091 912 2146 quamquam

103 2159 220 2199 morere
233 2154 325 2198 castra
334 2155 479 2210 statuerat,
491 2147 609 2199 turbatis
619 2154 711 2199 tamen
722 2147 845 2197 omnium
855 2149 912 2196 ani-

103 2214 166 2276 mis,
188 2214 288 2265 eodem
300 2215 327 2274 in
339 2214 403 2265 loco
414 2215 549 2267 substitit.
586 2215 641 2266 Sed
652 2215 788 2266 attonitus
799 2214 912 2264 moesti-

103 2280 145 2332 tia
164 2282 249 2334 simul
271 2289 300 2332 et
314 2283 524 2348 desperatione,
544 2281 726 2334 tabernaculo
740 2295 770 2330 se
788 2281 910 2332 inclusit.

106 2347 148 2396 ll.
159 2349 236 2417 Brgo
247 2349 276 2400 in
287 2351 396 2412 caetus,
407 2364 478 2417 quae
491 2350 592 2401 nullius
603 2348 773 2416 regebantur
783 2349 909 2416 imperio,

104 2417 177 2466 varii
187 2418 341 2468 animorum
352 2421 445 2469 molus
456 2425 547 2478 erant3
559 2416 647 2467 necin
659 2431 812 2478 commune,
823 2421 854 2468 ul
864 2433 909 2468 an-

103 2487 161 2544 tea,
173 2485 379 2536 consulebatur.
415 2484 456 2537 15.
475 2483 539 2536 Dux
551 2484 722 2536 Graecorum
730 2485 847 2536 militum
859 2483 911 2534 Pa-

102 2553 169 2600 tron
180 2566 257 2602 arma
268 2567 368 2618 capere
379 2569 446 2604 suos
455 2552 542 2614 iubet,
563 2559 729 2620 paratosque
742 2567 805 2604 esse
817 2553 851 2601 ad
864 2563 910 2602 ex·

103 2619 278 2684 sequendum
287 2620 441 2688 imperium.
478 2619 518 2671 16.
531 2619 634 2670 Persae
645 2615 911 2676 secesserantssses·

102 2695 150 2734 aus
162 2701 225 2736 cum
235 2687 391 2738 Bactrianis
402 2694 477 2750 erat3
488 2687 669 2756 tentabatque
680 2687 781 2740 Persas
792 2683 910 2736 abduce-

99 2752 261 2817 re,Bactra,
273 2760 302 2805 et
311 2757 432 2806 intactae
442 2757 567 2824 regionis
579 2757 759 2824 opulentiam,
773 2751 910 2820 simulque
