2082 3042
306 157 455 210 LIBER
482 158 564 209 vill.
595 159 689 211 GAP.
717 161 742 211 b.
770 157 795 210 5.
900 159 951 212 alt

140 260 303 323 deduceret,
314 274 376 311 curn
387 260 497 327 captiva
506 260 611 312 coisse:
631 274 666 310 ne
676 259 775 311 inferri
785 259 865 312 nefas
876 261 950 313 arbi-

138 335 291 390 trarentur,
310 327 351 380 ita
364 327 535 398 matrimonii
545 329 607 378 iure
618 326 690 378 velle
701 327 808 395 iungif‘
844 329 885 380 27.
905 331 949 380 ln-

139 401 253 462 sperato
267 395 371 464 gaudio
387 395 479 447 laetus
513 401 575 446 ater
589 397 819 446 samsonemsius
828 397 949 464 excipit:

140 473 170 516 et
185 476 236 514 rex
253 462 284 514 in
297 462 390 534 mspiio
408 463 570 530 cupiditatis
585 461 687 514 ardore
702 461 785 513 iussit
794 461 947 532 afferripa-

139 531 195 581 trio
205 545 283 582 more
293 543 404 598 panem:
416 529 484 596 (hoc
495 537 556 582 erat
565 529 639 598 apud
648 529 820 580 Macedonas
832 534 947 584 sanctis-

138 599 238 650 simum
248 600 408 650 coeuntium
417 599 531 666 pignus)
543 612 624 664 quem
634 597 753 650 divisum
764 596 947 664 gladio,uter-

138 681 192 734 que
202 665 316 718 libabat.
353 665 394 717 28.
411 665 504 718 credo
516 681 576 728 eos,
588 665 636 733 qui
646 665 739 733 gentis
748 667 949 717 morescondi-

138 735 247 796 derunt,
267 749 353 800 parco
375 739 404 784 et
421 732 544 800 parabiii
561 733 638 784 victu
658 732 811 784 ostendere
823 731 949 784 voluisse

136 802 318 920 ssngfintibus
328 815 415 918 (iopes,
435 800 717 918 ³⁰?m¹⁰E⁰⁰¹¹t⁰¹¹fl.
728 798 948 918 emzdebcrent.

136 872 949 998 ..t..restitistitii.t.nitti1¹sit.t.ifi⁸ti21

135 1003 214 1072 ptiva
228 1002 384 1069 geniturus,
405 1003 451 1068 qui
466 1003 624 1054 victoribus
636 1003 796 1070 imperaret.
832 1003 874 1056 8⁰.
894 1002 948 1054 Pu-

136 1071 224 1124 debat
233 1069 348 1132 amicos,
369 1085 453 1137 super
462 1071 556 1121 tinum
566 1077 596 1122 et
606 1070 704 1138 epulas
713 1083 844 1122 soeenrrn
855 1085 891 1123 ex
900 1070 948 1121 (ie-

49 1160 52 1166 ·
135 1137 205 1190 ditis
222 1151 285 1190 esse
300 1138 452 1190 delectum:
472 1139 524 1190 sed
537 1144 603 1205 post
611 1137 679 1190 oliti
689 1138 806 1189 medens
814 1138 948 1190 libertate

60 1245 62 1250 .
135 1206 256 1268 sublata,
267 1206 355 1269 vultu,
367 1207 415 1274 qui
426 1207 545 1259 maxime
556 1207 652 1268 servit,
663 1205 899 1258 assentiebantur.

184 1272 219 1325 V.
240 1274 370 1325 Ceterum
384 1273 500 1337 indiam,
520 1281 548 1326 et
562 1273 628 1325 inde
640 1273 783 1326 Oceanum
796 1276 947 1343 petiturus,

134 1356 168 1394 ne
179 1341 246 1410 quiri
258 1357 274 1392 a
284 1347 376 1410 tergo,
388 1343 463 1460 {uod
473 1343 613 1394 destinata
622 1342 758 1407 impedire
770 1349 877 1410 posset,
888 1357 948 1393 mo-

133 1416 256 1471 reretur,
269 1411 390 1460 exomni
410 1425 443 1459 us
452 1410 606 1476 provinciis
614 1409 697 1460 XXX
705 1409 795 1460 millia
803 1411 947 1462 iuniorum

133 1477 161 1528 le
183 1478 190 1491 ‘
211 1477 305 1537 iussit,
325 1481 355 1527 et
375 1475 411 1526 ad
426 1490 457 1526 se
475 1482 582 1526 armata
591 1476 716 1542 perduci,
738 1476 851 1529 obsides
862 1475 945 1528 simul

133 1543 171 1595 ha
190 1543 290 1604 iturus,
301 1548 330 1594 et
339 1543 453 1593 milites.
488 1545 514 1593 2.
533 1543 678 1594 Craterum
689 1543 724 1594 ad
735 1543 948 1610 persequendae

133 1611 309 1662 Haustanem
320 1615 350 1662 et
359 1609 507 1671 Catonem,
528 1607 576 1676 qui
586 1608 693 1676 abipso
705 1608 886 1670 defecerant,
895 1609 946 1659 mi·

134 1681 187 1730 sit:
208 1691 326 1745 quonum
337 1675 499 1728 Haustanes
510 1679 610 1744 captus
619 1681 672 1736 est,
692 1678 813 1728 catenes
826 1677 855 1726 in
864 1689 946 1743 pros·

133 1748 174 1800 lio
197 1744 319 1797 occisus.
356 1743 537 1812 Polypercon
557 1757 669 1810 quoque
688 1744 849 1809 regionem,
874 1757 948 1810 quac

132 1812 284 1866 Bubacene
297 1811 463 1880 appellatur,
475 1811 504 1861 in
515 1809 652 1862 ditionem
662 1811 730 1862 rede
753 1810 783 1861 't.
812 1810 836 1860 8.
847 1809 950 1877 ltaque

135 1881 264 1933 omnibus
274 1881 453 1948 compositis,
466 1878 656 1946 cogitationes
668 1878 697 1928 in
707 1877 742 1928 be
755 1877 810 1928 lam
821 1874 948 1928 Indicum

135 1949 228 2001 vertit.
261 1947 351 1999 Dives
365 1949 446 2016 regio
460 1945 617 1998 habebatur
629 1961 685 1997 non
700 1959 772 1996 auro
781 1944 876 2008 modo,
896 1945 948 1996 sed

133 2013 948 2152 tffitssititrtsittiifbr”itttnitsbtst't

135 2161 163 2204 ct
174 2152 261 2206 ebore
272 2149 314 2202 ful
352 2164 384 2201 rc
394 2149 540 2202 dicebant:
550 2150 655 2218 itaque,
666 2149 768 2200 necubi
777 2150 949 2210 vinceretur,

135 2235 220 2288 quum
238 2225 301 2272 cete
329 2233 344 2270 s
362 2222 529 2285 praestaret,
551 2217 806 2284 scafisargenteas
818 2215 946 2277 laminas,

130 2289 214 2356 equis
224 2287 322 2342 frenos
332 2300 435 2338 aureos
445 2284 567 2348 audiuit,
578 2284 685 2336 loricae
694 2298 806 2364 quoque
817 2283 888 2336 alias
898 2297 945 2334 au

136 2372 178 2418 ro,
189 2355 261 2410 alias
269 2359 387 2426 argento
399 2353 554 2406 adornavit.
591 2351 668 2404 CXX
677 2350 766 2403 miliia
775 2357 945 2404 armatorum

136 2429 224 2488 erant,
235 2439 307 2491 quae
316 2437 416 2492 regem·
424 2422 460 2473 ad
469 2421 499 2472 id
508 2419 617 2472 bellum
625 2419 821 2488 sequebantur.
839 2419 864 2470 b.
877 2419 946 2470 laun

136 2505 190 2560 que
210 2492 336 2544 omnibus
356 2489 543 2558 praeparatis,
565 2490 641 2557 quod
659 2489 726 2542 olim
746 2503 833 2556 prata
850 2491 945 2537 mente

135 2566 314 2630 conceperat,
332 2565 397 2612 tunc
408 2573 472 2611 esse
483 2563 715 2621 maturarimus,
730 2569 851 2626 quonam
860 2551 948 2604 motio

135 2625 276 2684 coelectos
291 2625 413 2682 bonores
427 2632 585 2693 usurparet,
605 2626 704 2693 coepit·
715 2625 834 2692 agitare.
869 2620 946 2673 lovis

136 2696 224 2748 tiliam
241 2709 298 2748 non
313 2694 368 2746 dici
386 2703 492 2747 tantum
506 2709 546 2758 se,
568 2693 619 2746 seri
633 2697 719 2746 etiarn
733 2691 811 2744 credi
821 2689 945 2750 volebat,
