2082 3042
98 203 157 257 ,388
328 199 499 263 QUINTI
527 198 696 252 curt'rll

107 306 157 357 bus
167 303 308 366 barbaris,
324 308 385 372 quis
395 302 517 369 perculsi
527 299 652 353 instabili
663 305 691 352 et
702 299 810 350 lubrico
823 299 913 366 gradu

104 371 274 441 praecipites
293 369 464 423 recidebant.
502 369 542 418 14.
562 365 716 417 Evaserant
734 373 827 417 tamen
846 365 914 418 Ale-

104 436 375 499 sandaracham,
388 451 457 504 quos
469 445 531 486 curn
540 434 622 485 XXX
632 433 750 486 delectis
760 434 913 502 praemise-

104 505 356 623 ratrex,etiamssu
395 501 913 584 ereeominnscoeperantr'sedqupm

104 587 224 640 ⁸“¹'⁰¹”²
243 571 301 624 *⁰¹⁸
338 587 370 689 i
389 569 914 688 mistoliolillidito.

103 641 485 772 bbbblrbsqbffffpbbbbssi
501 673 618 760 membr,
639 651 704 754 <bum
725 703 816 754 acrius
829 673 913 771 qoam

105 775 214 825 cautius
233 774 359 835 dimicat,
387 763 535 823 confossus
555 771 677 838 undique
696 768 833 823 obruitur.
872 772 916 823 lo.

5 873 10 885 .
105 842 194 903 Quem
211 846 244 892 nt
263 839 369 892 Charus
387 841 527 890 iacentem
544 837 701 906 conspexit,
720 852 802 888 ruere
816 839 846 890 in
861 835 912 889 ho-

104 914 184 971 stem,
206 909 327 960 omnium
346 913 459 976 praeter
478 906 612 959 ultionem
626 907 780 968 immemor,
801 919 854 957 coe
872 906 912 967 it3

103 976 262 1044 multosque
281 973 377 1036 hasta,
393 975 528 1041 quosdam
550 972 645 1041 gladio
663 973 835 1054 interemit..
853 919 912 1026 geo

104 1059 187 1111 quum
197 1048 334 1095 totunum
343 1043 639 1103 inconstantinam,
658 1049 743 1107 super
755 1042 838 1092 amics
848 1055 912 1092 eor-

102 1117 154 1176 pus
165 1111 314 1178 procubuit
323 1109 467 1162 exanimis.
505 1111 545 1159 17.
564 1108 648 1159 Haud
658 1123 753 1172 secus,
767 1123 850 1174 quam
858 1123 913 1189 par

104 1183 172 1240 erat,
193 1175 445 1245 promtissimoram
463 1177 594 1228 iuvenum
612 1181 824 1243 ceterorumque
838 1176 912 1226 mali-

102 1244 522 1306 tuminteritucommotusrex,
543 1243 653 1310 signum
672 1244 800 1310 receptui
820 1242 909 1294 dedit.

103 1310 144 1360 18.
164 1309 254 1361 Saluti
273 1309 336 1371 fuit,
357 1311 431 1376 qnod
446 1312 550 1361 sensim
564 1317 594 1360 et
606 1309 739 1376 intrepidi
755 1325 786 1362 se
796 1323 912 1377 recepe-

102 1382 179 1440 runt,
200 1376 358 1439 etbarbari,
377 1375 486 1428 hostem
498 1378 640 1444 depulisse
651 1378 785 1440 contenti,
802 1393 859 1430 non
869 1379 912 1429 in-

103 1443 201 1494 stitere
222 1444 394 1495 cedentibus.
433 1444 473 1496 lo.
498 1445 628 1496 Ceterum
646 1445 805 1497 Alexander
824 1460 912 1512 quum

103 1510 249 1562 statuisset
259 1513 396 1563 desistere
406 1512 529 1580 incepto,
551 1514 664 1581 (quippe
681 1513 758 1564 nulla
776 1527 840 1579 spes
860 1529 912 1580 po·

102 1578 216 1629 tiundae
227 1585 323 1646 petrae
335 1579 531 1644 offerebatum)
546 1586 638 1631 tamen
650 1580 773 1647 speciem
784 1581 913 1632 ostendit

102 1646 131 1695 in
143 1645 291 1698 obsidione
301 1649 515 1714 perseverantis.
551 1646 621 1698 Nam
632 1654 661 1698 et
669 1647 772 1698 itinera
782 1647 913 1700 obsideri

102 1713 195 1775 iussit,
208 1721 236 1766 et
244 1720 338 1765 turres
350 1714 505 1778 admoveri,
517 1721 546 1765 et
554 1712 680 1782 fatigatis
691 1714 763 1767 alios
774 1715 911 1768 suceede-

102 1795 142 1832 re.
178 1783 220 1832 id.
240 1782 324 1833 Cuius
344 1782 499 1848 pertinacia
518 1782 640 1848 cognita,
660 1782 720 1832 Indi
731 1797 781 1850 per
791 1781 911 1834 biduum

103 1848 460 1914 quidemeoduasnoctes,
482 1865 543 1900 cum
559 1850 748 1901 ostentatione
763 1865 818 1901 non
838 1851 911 1902 iida-

103 1916 163 1968 ciae
178 1917 277 1979 modo,
297 1916 348 1968 sed
362 1917 447 1968 etiam
456 1916 603 1980 amoueo,
624 1917 730 1983 epulati
740 1924 813 1980 sunt,
834 1923 910 1985 tym-

101 1997 174 2048 pana
191 1999 242 2035 suo
262 1998 340 2034 more
359 1984 512 2050 pulsantes.
557 1986 598 2035 21.
617 1985 716 2035 Tertia
733 1999 802 2035 vero
821 1993 910 2038 noete

100 2057 296 2118 tympanorum
312 2051 424 2118 quidem
440 2050 573 2118 strepitus
592 2051 717 2102 desierat
736 2052 840 2114 audiri,
862 2067 909 2104 oe-

100 2125 189 2169 terum
201 2133 236 2170 ex
245 2124 307 2170 tota
315 2123 396 2184 petra
404 2117 483 2170 fucas
493 2116 680 2200 refulgebant,
692 2133 760 2186 quas
771 2119 909 2172 accende·

99 2191 162 2236 rant
170 2185 292 2249 barbari,
302 2191 334 2236 ut
342 2187 432 2237 tutior
441 2190 518 2238 esset
526 2183 637 2254 ipsrsl‘u
675 2185 909 2249 ,obscuranocte

99 2255 235 2317 perinvie
245 2267 312 2306 saxa
323 2253 454 2305 cursoris.
490 2255 532 2304 ²2.
552 2253 621 2316 Rex,
638 2200 770 2317 bibleam,
786 2254 832 2322 qui
844 2269 908 2322 spe·

100 2318 690 2388 curareturpraenlsso,cognoscitpetram
700 2319 907 2388 fugaindorum

100 2397 164 2435 esse
175 2385 324 2440 desertam.
351 2389 423 2439 Tum
434 2387 500 2439 dato
512 2389 536 2438 si
577 2403 604 2451 o,
615 2395 647 2440 ut
656 2387 780 2442 universi
790 2388 907 2441 concla-

99 2458 215 2518 marent,
225 2453 411 2524 incomposite
420 2454 541 2523 bagienti
561 2471 593 2507 us
603 2457 846 2516 metumincuesit:
861 2458 908 2513 Β.

98 2520 243 2589 multique,
262 2528 394 2591 tanquam
404 2521 518 2577 adesset
527 2521 627 2587 hostis,
648 2523 814 2591 perlabriea
825 2537 907 2589 saxo,

99 2590 908 2721 {libidinosiormilitabitur.titt·

97 2721 121 2769 ti
133 2728 204 2774 sunt.
240 2725 281 2775 24.
300 2725 370 2788 Rex,
390 2674 516 2779 lbcorusa
531 2694 622 2794 magis,
635 2741 717 2794 quam
732 2673 854 2780 bostium
864 2728 910 2779 si-
