2054 3030
215 141 534 195 surrnunenrn.
554 143 630 194 nra.
649 143 682 197 11.
703 143 789 194 cnr.
807 145 832 193 τ.
868 119 872 124 ’
902 144 934 194 :1
977 117 997 245 h
1020 165 1021 168 ,

119 246 153 296 4.
172 245 203 295 ln
226 235 463 310 Smyrnaeo‘sinu
475 245 647 296 Clazomenii
660 243 797 306 habitant,
814 260 869 313 qua
889 261 935 296 an·
996 249 1006 287 'l

122 313 320 380 gustissimum
336 318 380 362 est
393 313 496 374 solum,
518 312 591 378 quod
604 319 801 377 procurrentes
815 313 843 362 in
858 329 934 363 mare
1004 283 1013 352 h

121 387 219 430 terras
233 394 282 445 per
296 379 444 447 sexaginta
461 379 550 430 ferme
569 380 660 430 stadia
676 381 830 431 continenti
849 380 934 431 ¹adne-
1011 379 1021 438 l

118 454 217 510 stem,
228 447 389 513 peninsulae
401 447 524 512 speciem
538 445 634 496 etheit.
663 447 686 496 5.
705 448 827 500 Alterum
838 446 935 500 isthmi
1020 453 1021 500 Τ

122 516 202 566 latus
217 529 253 566 ex
267 515 385 564 adverso
401 515 645 566 Clazomeniorum
659 514 733 566 Teos
748 521 874 580 occupat
902 515 934 566 ln

116 588 253 636 extremo
269 582 432 648 peninsulae
446 597 534 632 cornu
546 579 686 648 Erythrae
699 589 773 642 sunt,
792 589 849 634 tum
865 598 933 649 quo·
1020 615 1021 618 =

123 664 180 716 que
195 649 319 700 fatidicis
339 649 504 701 mulieribus
521 649 658 714 inclytae:
677 647 755 697 iuxta
768 664 836 714 quas
852 665 932 700 mons

117 717 280 768 altissimus
294 716 409 776 Mimas,
427 716 536 766 insulae
552 714 684 766 Chiorum
700 717 843 779 oppositus
857 733 932 768 mare

122 789 301 852 prospectet:
321 783 423 834 deinde
434 782 578 848 paullatim
591 781 764 848 depressior,
783 779 856 834 haud
869 799 931 849 pro·

121 852 173 904 cul
192 851 330 918 angustiis
352 849 596 901 Clazomeniorum
615 850 643 899 in
662 849 795 915 aequales
821 865 931 917 campos

116 919 240 970 desinit.
276 919 300 968 li.
319 918 388 967 Eam
399 917 456 966 loci
465 922 591 966 naturam
602 917 805 982 contemplatus
816 917 932 969 Alexan-

123 987 189 1047 der,
209 985 337 1034 faucibus
351 985 492 1034 intercisis
507 983 618 1035 auferre
633 985 788 1036 continenti
800 985 932 1047 decrevit,

123 1061 158 1104 ut
167 1050 297 1118 Erythris
310 1057 338 1101 et
348 1051 474 1102 Mimanti
486 1067 562 1102 mare
577 1051 824 1114 circumfunderet,
844 1067 876 1104 ac
890 1069 934 1104 su·

121 1119 268 1188 periorem
287 1117 503 1187 inferioremque
521 1119 611 1170 sinum
629 1120 822 1188 coniungeret.
858 1121 882 1170 7.
902 1121 934 1170 ld

125 1201 212 1240 unum
221 1187 283 1253 regi
293 1201 328 1238 ex
337 1189 476 1238 sententie
486 1189 657 1239 successisse
667 1194 779 1256 negant,
794 1203 877 1255 quum
889 1203 932 1241 ce·
1020 1243 1021 1246 Ἴ

124 1263 205 1308 teros
221 1255 281 1308 eius
302 1261 417 1306 conatus
434 1255 549 1308 fortuna
568 1258 648 1309 enixe
668 1257 790 1307 iuraret:
807 1256 932 1324 abiitque

121 1339 171 1376 res
181 1323 210 1372 in
220 1323 398 1390 religionem,
419 1323 523 1376 nectas
535 1339 598 1375 esse
611 1324 777 1376 mortalibus
791 1325 932 1388 existima-

121 1400 185 1442 tum
196 1396 248 1452 est,
259 1397 365 1442 mutare
376 1390 486 1454 faeiem,
503 1407 585 1458 quam
594 1398 693 1445 natura
702 1391 773 1442 locis
783 1392 930 1444 indiderit:

119 1459 221 1524 utique
231 1464 377 1524 postquam
388 1459 460 1510 alios
471 1459 575 1510 similia
584 1460 697 1510 molitos
708 1460 810 1525 ubique
821 1475 931 1512 succes·

122 1543 172 1579 sus
188 1525 324 1578 destituit.
360 1526 384 1576 8.
402 1527 586 1581 Clazomenas
600 1534 707 1589 tamen,
727 1527 800 1577 mole
813 1528 931 1578 duorum

122 1595 281 1648 studiorum
292 1600 417 1662 aggesta,
428 1596 583 1646 continenti
597 1595 699 1656 iunxit,
715 1609 782 1662 quas
797 1595 864 1646 olim
874 1609 930 1646 me·

116 1670 155 1714 ’ῐιι
174 1661 324 1712 Persarum
344 1661 516 1713 Clazomenii
537 1663 566 1713 in
584 1662 703 1714 insulam
719 1663 929 1714 transtulerant.

121 1731 181 1783 Sed
196 1727 265 1780 haec
282 1729 394 1796 quidem
411 1743 497 1794 opera
511 1729 598 1795 regiis
613 1727 764 1794 praelectis
782 1731 931 1780 commissa

122 1803 197 1850 sunt.
232 1797 257 1848 9.
275 1797 339 1864 lpse
359 1797 505 1848 sacrificiis
523 1794 628 1861 Ephesi
643 1795 790 1860 magnifice
807 1795 930 1850 celebra·

121 1867 170 1928 tis,
186 1865 214 1916 in
225 1863 361 1916 honorem
372 1863 441 1914 deae
453 1878 514 1918 cum
525 1863 654 1914 universo
663 1861 797 1922 exercitu,
811 1863 858 1927 qui
867 1863 931 1912 ade·

122 1939 177 1996 rat,
188 1933 217 1984 in
227 1933 311 1986 armis
323 1932 495 1984 decucurrit:
509 1937 625 1997 postero
642 1929 743 1980 deinde
754 1928 799 1980 die
811 1943 872 1979 cum
882 1943 929 1995 pe·

122 2000 224 2063 ditatu,
235 2013 317 2067 quem
327 2015 422 2051 secum
432 1991 843 2062 habebahassumtisThracum
854 1999 929 2064 equi-

120 2067 207 2130 tibus,
218 2074 247 2120 et
257 2073 377 2134 quatuor
385 2068 539 2120 amicorum
549 2067 660 2128 turmis,
676 2067 750 2116 inter
762 2079 831 2131 quas
846 2071 875 2115 et
887 2079 927 2115 re·

115 2137 171 2204 ⁴gia
190 2141 263 2198 erat,
277 2135 406 2188 Miletum
427 2135 578 2189 contendit.
616 2136 656 2184 lll.
680 2133 789 2200 Quippe
809 2131 928 2200 Hegesi-

120 2206 237 2264 stratus‚
255 2203 390 2270 praesidii
405 2202 574 2270 praefectus,
590 2201 681 2254 literis
697 2201 732 2252 ad
747 2215 809 2251 eum
823 2201 927 2263 nrissis,

121 2284 201 2336 spem
221 2270 373 2338 deditionis
392 2270 512 2322 iecerat:
540 2270 589 2322 sed
609 2275 756 2336 postquam
779 2266 927 2320 Persarum

119 2337 243 2391 classem
267 2339 296 2390 in
317 2339 473 2406 propinquo
491 2338 598 2392 versari
617 2341 803 2402 cognoverat,
821 2342 928 2388 mutata

111 2406 262 2460 sententia
272 2406 408 2473 ⁴eppidurn
417 2405 505 2458 Dario
520 2418 687 2457 conseruare
701 2403 848 2456 nitebatur.
886 2405 926 2454 ll.

119 2473 193 2528 Nare
206 2479 235 2528 et
250 2479 453 2526 commeatuum
469 2473 656 2538 telorumque,
676 2476 705 2524 et
719 2471 744 2521 si
757 2487 811 2539 qua
825 2471 882 2524 alia
891 2469 927 2526 ad
964 2509 966 2511 .

118 2540 296 2596 tolerandam
306 2542 481 2594 obsidionem
495 2541 686 2606 requiruntur,
701 2555 827 2606 magnam
844 2537 927 2588 habe·

114 2610 170 2662 'hat
180 2611 305 2676 copiam,
320 2615 349 2660 et
364 2615 602 2676 propugnatorum
615 2607 791 2658 multitudine
805 2603 926 2658 abunda·

115 2677 408 2793 hathuialtlemnon,
425 2693 508 2744 quum
523 2689 557 2728 ex
573 2675 680 2744 proelio
691 2675 819 2792 hlfflemm
836 2669 927 2738 perlu-

197 2757 333 2796 uarius.
