2036 3030
102 163 132 213 rs
270 157 717 238 nonnurnnrnsnnnrn

98 272 150 314 est.
185 263 211 312 4.
231 263 361 312 Ceterum
374 275 456 325 quum
471 261 506 312 ad
522 261 703 328 Byzantium,
723 262 842 313 validam
855 281 899 314 ur-

97 329 177 392 bem,
189 327 317 379 haereret
328 326 451 390 obsidio,
463 328 569 379 cim'bus
583 331 696 396 egregie
707 344 757 394 pro
768 330 899 382 libertate

96 396 296 466 pugnantibus3
307 395 505 461 iisqueGraeci
514 395 689 463 barbarique,
701 397 799 464 quibus
810 400 899 449 inore·

96 471 191 517 menta
202 462 323 529 Philippi
333 469 463 528 suspecta
473 469 565 524 erant,
583 466 709 515 certatim
721 465 825 516 auxilio
835 481 899 517 ven-

96 533 153 584 turi
164 531 368 582 nuntiarentur:
382 531 531 596 desperata
540 531 666 593 victoria,
678 531 708 581 id
718 548 802 582 unum
811 535 899 599 agita-

96 601 153 662 bat,
174 613 290 666 quanam
305 599 413 648 ratione
430 614 511 664 quam
525 598 637 648 minimo
657 599 799 667 copiarum
815 608 899 667 atque

96 668 187 718 famae
204 666 302 716 damno
319 665 352 716 ab
367 665 514 716 obsidione
534 665 700 716 discederet.
736 667 760 717 5.
779 667 897 735 Impera-

97 737 188 786 buteo
200 741 325 800 tempore
337 733 425 794 Getis,
437 731 571 800 Scythico
585 735 702 801 populo,
717 732 833 799 hthcas3
851 738 897 802 qui

96 805 179 854 armis
190 802 370 853 istrianorum
381 815 503 867 pressus,
519 802 651 852 auxilium
661 817 677 851 a
687 800 817 868 Philippo
828 803 897 868 peti-

95 877 188 932 verat,
216 885 265 936 spe
283 868 443 935 adoptionis
453 868 540 931 iacta,
555 870 579 919 si
599 868 682 919 fessis
702 868 834 921 Getarum
854 885 898 919 re-

94 939 146 989 bus
175 943 358 989 succurreret.
410 934 485 985 ldem
515 951 608 1002 quum
629 934 751 988 hostium
770 940 895 1005 *impera-

94 1014 140 1056 tor
150 1004 331 1062 decessisset,
345 1001 414 1052 belli
424 1008 499 1052 metu
507 1002 655 1066 liberatus,
669 1004 840 1055 Macedonas
850 1021 895 1054 va-

95 1089 163 1124 cuos
173 1071 328 1130 remiserat,
341 1083 454 1136 negans,
462 1070 507 1120 vel
515 1071 639 1134 ipsorum
650 1073 764 1133 auxilio,
775 1073 820 1122 vel
831 1072 896 1124 ado-

94 1141 189 1208 ptione
207 1135 328 1202 Philippi
349 1137 472 1203 eguisse3
494 1139 539 1188 cui
558 1137 689 1189 adversus
710 1138 805 1189 hostes
827 1141 895 1190 satis

93 1207 265 1275 propriarum
280 1204 391 1264 virium,
412 1210 441 1254 et
455 1206 484 1254 in
498 1205 703 1256 successionem
721 1207 801 1270 regni
821 1206 895 1258 iilius

94 1279 179 1325 esset.
214 1271 238 1320 6.
259 1271 325 1321 Eam
335 1271 447 1322 barbari
457 1272 652 1322 contumeliam
667 1273 788 1322 ulturum
801 1271 894 1325 ferens

92 1339 247 1406 Philippus,
268 1339 371 1389 omisso
391 1338 529 1405 Byzantio
549 1339 576 1388 in
596 1337 737 1405 Scythiam
757 1345 896 1392 convertit

94 1422 201 1475 agmen.
237 1406 290 1457 Ubi
301 1413 431 1456 conserto
446 1407 569 1473 proelio,
590 1423 672 1472 quum
685 1422 799 1458 numero
814 1425 894 1475 supe-

93 1479 184 1526 riores
195 1472 316 1540 Scythae
327 1480 433 1536 essent,
455 1488 506 1524 nec
521 1473 631 1524 virtutis
644 1475 813 1540 poeniteret,
834 1485 894 1528 arte

93 1542 216 1608 Philippi
225 1539 425 1592 Macedonibus
436 1542 555 1593 victoria
565 1542 658 1593 cessit.
680 1544 705 1593 t.
718 1545 801 1595 Cuius
813 1560 894 1595 omne

93 1612 212 1676 pretium
228 1623 358 1675 pecorum
370 1623 557 1676 equorumque
567 1610 679 1661 maximi
690 1626 800 1678 greges,
815 1618 844 1664 et
853 1613 895 1663 in·

92 1677 222 1728 firmioris
233 1677 333 1727 aetatis
344 1691 482 1744 sexusque
490 1677 688 1744 captiviiuere:
700 1685 894 1746 ceteraeprae-

92 1747 144 1796 dae
155 1744 225 1796 nihil
235 1750 380 1812 exceptum
391 1751 443 1795 est.
480 1745 587 1812 Quippe
601 1747 699 1812 opibus
715 1749 826 1798 minime
837 1755 893 1798 stu-

92 1814 196 1867 debant
204 1813 302 1874 Getae,
320 1813 370 1864 sed
380 1813 543 1880 quotidiano
554 1815 628 1864 victu
638 1817 893 1880 contenti,pauper-

91 1889 177 1933 tatem
186 1885 259 1932 inter
269 1882 341 1931 vitae
354 1882 499 1932 commoda
509 1881 698 1931 numerabant.
726 1880 750 1930 8.
763 1880 892 1933 Ceterum

91 1965 174 2016 quum
187 1963 222 1999 ex
231 1947 347 2014 Scythia
356 1948 528 2014 regrediens,
538 1947 624 2012 longo
634 1947 891 2012 impedimentorum

90 2017 210 2084 agmine,
220 2030 269 2081 per
279 2013 421 2065 Triballos
431 2014 485 2063 iter
495 2012 609 2075 iaceret,
623 2013 666 2063 illi
677 2017 839 2081 opportunis
849 2017 890 2067 lo-

91 2086 131 2134 cis
143 2083 285 2149 occupatis
301 2083 448 2131 transitum
463 2080 614 2146 negabant,
634 2081 688 2131 nisi
699 2084 818 2149 praedae
829 2099 890 2151 par-

88 2158 145 2201 tem
155 2147 305 2215 accepturi.
340 2146 365 2199 9.
384 2147 471 2198 Erant
479 2149 508 2198 in
520 2150 644 2200 exercitu
655 2147 775 2219 Philippi
787 2167 889 2202 merce-

89 2218 161 2269 narii
172 2217 342 2268 Graecorum
353 2214 467 2276 milites,
486 2215 532 2282 qui
544 2219 571 2266 et
579 2217 644 2282 ipsi,
661 2232 742 2284 quum
752 2221 780 2270 in
793 2220 888 2271 discri-

89 2285 170 2334 minis
187 2291 294 2349 partem
310 2283 459 2345 venissent,
479 2285 687 2336 commodorum
700 2293 826 2351 exsortes
842 2285 890 2336 ha·

87 2351 149 2402 beri
163 2350 281 2403 moleste
296 2349 432 2401 ferebant.
467 2350 534 2402 Inde
554 2359 616 2403 orta
632 2354 771 2406 seditione
788 2354 823 2404 ad
833 2369 888 2403 ma·

88 2437 139 2470 nus
150 2424 262 2470 ventum
272 2426 327 2480 est,
344 2424 401 2468 tam
411 2419 469 2470 acri
479 2421 641 2482 certamine,
658 2426 689 2472 ut
698 2421 793 2472 multis
803 2421 890 2472 utrin-

89 2502 142 2556 que
153 2485 315 2538 cadentibus
326 2486 409 2536 etiam
417 2500 469 2539 rex
479 2488 663 2551 sauciaretur,
680 2488 836 2540 transfosso
849 2486 888 2539 ie·

87 2570 175 2618 more,
191 2553 343 2620 eodemque
358 2553 472 2606 vulnere
487 2554 637 2606 interiecto
654 2571 738 2623 equo:
749 2556 888 2607 tentaris

87 2621 179 2674 adacti
188 2622 251 2684 teli,
264 2628 395 2688 tantaque
405 2622 492 2674 virtus
503 2623 649 2674 inferentis
660 2624 745 2674 ictum
756 2621 817 2675 tuit.
846 2625 886 2672 10.

86 2691 129 2742 lbi
138 2698 195 2742 turn
205 2697 268 2741 ante
280 2705 374 2742 omnes
385 2691 685 2754 prosiluitrllexander,
695 2691 889 2756 iacentemque
