2098 3040
119 221 169 272 aas
335 187 703 277 aururl'cuarn

117 317 249 362 Alexendri
258 314 364 370 elogium·
395 319 415 360 6.
432 317 468 360 De
483 329 611 360 rnooeroore
621 316 750 362 Alexandri
759 316 820 360 inter
829 317 927 370 Magna·

118 399 153 434 too
163 387 309 440 consultatio,
320 392 345 433 et
353 390 431 432 vanae
441 389 577 432 sententiae.
600 391 621 431 i.
630 389 750 439 Aridaeus,
761 387 874 446 Philippo
886 403 926 444 go-

116 463 184 511 nituo,
195 459 313 514 Meleagro
324 464 478 518 promovente,
489 475 503 504 a
512 461 648 517 quibusdam
658 475 702 504 rex
710 460 831 505 salutatur.
855 461 926 507 Unde

117 533 192 578 emilis
201 531 258 577 belli
268 535 363 577 nornine.
392 539 413 577 8.
429 534 537 578 Primarii
547 535 615 578 duoes
626 532 736 588 Meleagri
745 533 835 578 annius
845 547 925 579 ooour·

115 613 177 650 runt.
206 606 412 658 maromontem,
431 607 496 663 paoin
510 606 632 657 studiosus.
651 605 772 650 tumultun
785 619 924 662 componore

115 679 191 723 modia
207 680 305 735 quodam
323 680 412 722 ratione
433 682 535 722 conetrrr.
564 682 585 722 u.
601 679 725 722 Perditoas
738 676 880 734 Meleagrum
900 685 925 724 et
998 713 1008 726 .

115 756 230 796 trecentos
240 753 290 795 fere
301 751 366 802 aiios,
377 752 415 808 qui
425 766 476 795 eum
486 751 560 794 reouti
569 751 668 801 inerant,
680 750 733 794 doio
743 753 862 808 opprimit.
889 755 924 796 10.

114 824 246 868 Alexandri
256 825 410 881 imperiumin
425 829 505 879 partes
520 825 628 867 divisumt
648 826 712 866 ouius
726 838 811 868 summa
820 825 923 870 Aridaeo

115 894 207 948 tributa,
228 898 359 954 provintiae
377 901 453 940 autern
467 899 617 951 magnatibus.
647 898 761 940 Detuneti
769 899 831 950 regia
839 912 924 954 eorpus

115 971 142 1012 ab
158 971 237 1013 amieis
252 975 361 1019 curatum,
379 976 403 1014 et
416 971 509 1013 tandem
523 969 688 1013 Alexandriam
702 969 803 1025 Aegypti
823 970 923 1013 transla-

115 1047 160 1085 tum
172 1054 215 1092 est,

165 1135 185 1184 i.
198 1107 308 1188 Iisdem
320 1134 381 1186 fere
392 1134 491 1185 diebus
497 1134 635 1187 Cleander
646 1131 808 1196 etSitalces,
820 1139 924 1185 etcum

114 1200 260 1270 Agathone
270 1202 403 1253 Heracon
414 1204 625 1269 superveniunt,
646 1202 693 1269 qui
707 1201 925 1254 Parmenionem

112 1272 192 1320 iussu
202 1269 279 1335 regis
291 1268 467 1319 occiderant=
490 1271 611 1337 quinque
626 1269 714 1320 millia
724 1269 849 1337 peditum
860 1285 925 1322 ounn

114 1335 255 1403 equitibus
266 1335 352 1386 mille.
388 1338 413 1385 l.
429 1335 483 1386 Sed
495 1341 524 1387 et
535 1342 714 1388 accusatores
727 1352 777 1388 eos
787 1352 801 1388 e
812 1337 925 1404 provin·

114 1403 167 1464 cia,
179 1402 224 1452 oui
235 1400 428 1467 praefuerant,
448 1403 650 1473 sequebantun
669 1419 721 1456 neo
730 1410 774 1457 tot
785 1404 925 1469 facinora,

114 1475 183 1536 quot
198 1469 380 1533 admiserant,
401 1485 582 1540 oompeneare
595 1479 728 1539 poterant
745 1472 841 1524 caedis
861 1487 925 1540 per·

114 1553 196 1606 quam
207 1544 305 1606 gratae
316 1539 379 1606 regi
389 1539 555 1592 ministerio.
578 1539 602 1590 3.
616 1539 724 1606 Quippe
736 1555 819 1607 quum
830 1541 925 1592 omnia

112 1604 232 1673 profana
242 1606 427 1674 spoliassent,
449 1622 484 1659 ne
495 1607 583 1660 saeris
595 1607 707 1674 quidem
717 1607 922 1659 abstinuerant:

113 1675 293 1743 virginesque
304 1680 333 1726 et
343 1675 487 1792 principes
502 1673 680 1737 feminarum,
701 1681 796 1742 stupra
808 1689 923 1743 perpes-

114 1758 173 1805 sae,
185 1757 333 1810 corporum
356 1741 626 1794 ndibriadeiiebant.
661 1743 686 1794 i.
697 1743 818 1794 invisum
827 1742 923 1794 Maee-

114 1811 217 1864 donum
237 1825 338 1862 nomen
352 1811 471 1862 avaritia
485 1825 582 1862 eorum
597 1824 630 1861 ao
644 1809 732 1861 libido
743 1810 870 1862 barbaris
880 1810 923 1863 fe·

114 1885 200 1930 cerat.
236 1879 261 1928 5.
281 1878 356 1929 inter
373 1892 468 1930 omnes
484 1883 577 1929 tamen
588 1878 728 1929 eminebat
738 1877 867 1930 Cleandri
878 1877 924 1930 fu·

112 1959 170 2009 ror,
193 1946 240 2012 qui
253 1945 376 1995 nobilem
391 1946 529 2013 virginem
550 1952 757 2013 constupratam
772 1960 852 1998 servo
867 1961 922 1998 auo

112 2013 242 2080 pellicem
255 2012 380 2063 dederat.
416 2013 441 2064 6.
459 2013 537 2064 Pieri
556 2028 591 2063 ue
608 2016 759 2065 amicorum
770 2012 922 2066 Alexandri

112 2095 168 2132 non
178 2087 236 2130 tam
248 2080 403 2144 criminum,
424 2095 496 2148 quae
506 2029 597 2147 palam
612 2081 826 2144 efficiebantur,
847 2087 921 2133 atro·

112 2148 321 2228 citatennqnam
327 2149 489 2200 memoriam
501 2149 589 2200 occisi
600 2164 650 2216 per
661 2149 923 2213 eosParmenionie,

112 2214 923 2348 diditi-illidi{alludilatinitati:„is

112 2347 196 2398 ullam
207 2350 362 2414 potentiam
372 2352 479 2402 scelere
491 2353 646 2419 quaesitam
657 2351 785 2421 cuiquam
791 2367 855 2405 esse
862 2353 923 2405 diu·

110 2421 229 2483 turmam.
265 2417 290 2466 7.
309 2418 379 2481 Rex,
389 2421 504 2487 cognita
514 2435 608 2484 eausa,
619 2422 818 2488 pronuntiavit,
830 2421 866 2473 ab
876 2437 923 2474 ao-

112 2484 288 2536 cnsatoribus
303 2501 387 2537 unum
402 2494 431 2538 et
444 2487 474 2538 id
483 2488 633 2540 maximum
643 2489 748 2540 crimen
762 2504 826 2541 esse
841 2503 923 2557 prae-

111 2552 235 2615 teritum,
248 2552 474 2620 desperationem
484 2556 584 2609 salutis
594 2571 675 2610 suae:
695 2571 835 2626 nunquam
846 2560 923 2610 enim

110 2618 181 2669 tolia
191 2634 318 2682 ausuros,
331 2624 378 2686 qui
388 2622 478 2689 ipsum
489 2639 524 2677 ex
532 2623 612 2676 india
620 2627 757 2692 sospitem
767 2632 817 2678 ant
827 2632 924 2694 optas·

111 2691 174 2735 sent
183 2689 296 2750 reverti,
308 2693 357 2739 aut
367 2691 555 2745 credidissent
563 2707 749 2746 reversurum.
785 2695 810 2745 8.
829 2693 925 2762 igitur

111 2747 162 2801 hos
174 2754 284 2819 quidem
295 2757 396 2822 vinxit3
416 2757 467 2813 Dc
476 2767 570 2814 autem
579 2762 708 2826 militum,
724 2763 772 2831 qui
781 2763 922 2816 saevitiae
