2082 3042
132 216 181 269 etz
351 181 523 275 euim'rl
552 211 717 264 curru

132 319 210 368 cluse
218 313 325 366 viverio
336 314 468 382 animalia
477 315 551 364 inter
564 319 630 364 vcta
641 320 794 380 cantusque
804 313 938 380 pellicum
1016 355 1018 360 .

130 385 227 450 ligere.
263 381 363 432 Bindm
374 380 530 432 cubitorum
541 381 661 447 sagittae
677 387 756 442 sunt,
774 395 843 447 quas
857 383 937 432 emit·

129 457 192 502 tunt
201 449 308 500 maiore
319 449 395 510 nixu,
414 455 495 514 quem
506 447 622 510 effectu3
638 450 739 514 quippe
749 449 845 511 telum,
857 451 940 500 cuius
1037 481 1038 514 ;

128 519 159 568 in
168 516 284 568 levitate
295 517 337 568 ris
352 517 440 567 omnis
457 521 512 576 est,
530 514 782 582 inhabilipondere
793 522 937 568 oneratur.
1037 547 1038 566 1

128 584 171 636 29.
189 583 462 635 Brevioraitincra'e
482 596 518 633 uo
530 583 655 634 conficit:
672 583 786 650 longior
795 583 842 633 ubi
853 598 937 650 expe·

128 651 199 703 ditio
211 657 263 714 est,
280 649 420 716 elephanti
431 598 535 701 velunt
545 665 667 714 currum3
684 656 714 701 et
728 654 868 702 tantarum
877 649 937 701 bel-

127 719 236 770 luarum
246 733 366 784 corpora
374 723 437 768 tete
447 725 600 784 contegunt
609 732 685 768 auro.
704 719 742 769 Ac
752 733 787 768 ne
798 717 865 785 quid
874 732 936 784 per-

127 786 195 838 ditis
212 785 336 837 moribus
355 786 436 849 desit,
455 785 565 838 lecticis
580 787 672 836 eureis
685 785 815 852 pellicum
831 784 936 852 longus

128 855 197 906 erdo
218 853 355 919 sequitur:
376 859 534 920 separatum
553 852 698 919 ereginae
715 853 813 904 ordine
835 867 935 920 agmen

127 927 183 984 est,
196 926 354 989 aequatque
363 921 483 972 luxuria.
519 921 560 972 3⁰.
578 920 709 982 Feminae
720 921 816 987 epulas
826 926 934 988 parent.

125 990 166 1040 Ab
178 989 278 1040 iisdem
297 990 390 1041 vinum
408 989 588 1052 ministretur,
608 990 685 1040 cuius
709 988 837 1040 omnibus
857 988 934 1048 Indis

125 1057 220 1124 largus
232 1064 275 1109 est
284 1073 360 1108 usus.
396 1057 502 1124 Regem
511 1070 589 1108 mero
603 1071 757 1124 somnoque
772 1057 894 1124 sopitum
904 1057 934 1107 in

127 1124 284 1175 cubiculum
294 1125 411 1190 pellices
421 1123 556 1188 referunt,
572 1125 663 1192 patrio
675 1125 797 1175 carmine
808 1124 933 1174 noctium

125 1191 288 1242 invocantes
304 1191 381 1242 deos.
416 1193 457 1244 31.
484 1191 553 1253 Quis
569 1192 667 1243 credat
684 1193 758 1242 inter
776 1189 845 1242 haec
864 1190 934 1241 vitia

126 1273 220 1310 curem
234 1271 297 1308 esse
317 1259 489 1324 sapientiael
514 1260 603 1310 Unum
620 1265 732 1327 agreste
747 1264 776 1309 et
788 1256 933 1309 borridum

126 1339 214 1392 genus
226 1331 278 1387 est,
290 1341 360 1392 quos
372 1325 519 1393 Sapientes
530 1333 641 1378 vocant.
676 1327 718 1379 32.
734 1326 813 1392 Apud
823 1324 876 1376 hos
888 1341 933 1376 oc-

125 1406 228 1457 cupare
242 1389 294 1442 lati
313 1393 385 1444 diem
397 1392 558 1460 pulchrum3
582 1401 611 1444 et
623 1394 702 1446 vivos
716 1409 747 1446 se
761 1395 881 1444 cremari
893 1395 934 1444 iu-

124 1459 205 1528 bent,
222 1459 321 1526 quibus
333 1461 483 1526 autsegnis
495 1467 586 1524 aetas,
606 1467 654 1512 eut
667 1462 844 1513 incommoda
859 1460 934 1514 rele-

124 1527 193 1578 tudo
209 1534 263 1579 cst:
284 1534 474 1594 exspectatam
490 1535 608 1580 mortem
628 1544 679 1596 pro
699 1530 838 1581 dedecore
859 1530 934 1580 vitae

125 1593 237 1647 babent.
273 1595 333 1647 Nec
345 1595 417 1647 ullus
429 1597 603 1664 cerporibus,
615 1611 686 1663 quae
697 1604 827 1648 senectus
838 1597 934 1658 solvit,

124 1661 215 1714 honos
226 1663 364 1714 redditur:
376 1665 515 1732 inquinari
525 1668 623 1731 putant
634 1666 738 1731 ignem,
752 1665 806 1715 nisi
818 1665 866 1732 qui
877 1665 933 1730 spi-

124 1739 219 1782 rantes
229 1733 338 1799 recipit.
375 1731 416 1782 33.
436 1731 490 1795 llli,
507 1733 597 1799 quiin
611 1732 725 1784 urbibus
742 1732 862 1799 publicis
876 1747 935 1783 mo·

124 1798 201 1850 ribus
213 1799 327 1867 degunt,
344 1799 465 1850 siderum
475 1805 566 1850 motus
577 1800 646 1851 scite
657 1807 783 1866 spectare
794 1800 934 1862 dicuntur,

125 1872 155 1917 et
165 1867 260 1918 futura
270 1867 441 1933 praedicere.
477 1866 536 1918 Nec
548 1883 711 1935 quemquam
722 1867 871 1920 admovere
881 1866 936 1919 leti

126 1933 199 1986 diem
214 1935 342 1996 credunt,
362 1935 407 1985 cui
427 1949 476 1985 exs
497 1941 590 1986 ectere
609 1935 738 1986 interrito
758 1935 852 1987 liceat.
889 1934 934 1984 34.

124 2000 203 2052 Deos
223 2007 333 2068 putant,
357 1949 494 2068 quidquid
513 2001 607 2054 colere
627 2009 792 2068 coeperunt:
815 2001 933 2053 arbores

124 2070 253 2130 maxime,
272 2084 340 2135 ques
360 2068 468 2120 violare
490 2069 593 2136 capitul
613 2075 664 2120 est.
705 2070 746 2120 35.
769 2070 884 2120 Menses
903 2069 933 2120 in

125 2140 224 2204 quinos
236 2137 324 2188 denos
335 2136 544 2202 descripserunt
557 2137 628 2188 dies.
663 2137 734 2187 Anni
748 2137 830 2201 plens
840 2137 935 2204 spatia

125 2210 245 2255 servant.
281 2204 322 2255 36.
341 2203 438 2255 Lunae
458 2219 542 2255 cursu
555 2209 655 2254 notant
667 2210 811 2270 tempora„
824 2219 881 2254 nen
901 2209 935 2254 ut

123 2272 262 2338 plerique,
284 2287 367 2339 quum
387 2272 483 2323 orbem
498 2271 575 2322 sidus
585 2271 725 2337 implevit3
745 2270 795 2321 sed
806 2287 889 2338 quum
900 2285 933 2320 se

124 2340 496 2405 curvarecoepitincornue.
514 2339 551 2390 Et
559 2337 815 2390 idcircobrericrcs
826 2335 935 2389 babent
1037 2365 1038 2400 3

123 2417 242 2467 menses,
254 2407 301 2470 qui
311 2409 431 2472 spatium
442 2421 538 2458 eorum
549 2406 584 2457 ad
593 2405 666 2456 bunc
675 2407 757 2457 lunae
766 2404 879 2456 modum
890 2405 935 2456 dl·

121 2473 250 2590 nnn
261 2473 691 2606 intermittite
711 2471 934 2605 trieres}

109 2607 215 2723 'batillis
229 2674 319 2739 igitur
334 2673 497 2726 Alexandro
511 2675 579 2725 lines
600 2675 695 2725 lndiee
714 2676 843 2742 ingresso
865 2687 936 2740 gen·

123 2739 192 2789 tium
202 2755 314 2817 suarum
325 2741 416 2806 reguli
426 2747 616 2802 occurrerunt,
626 2743 764 2808 imperata
773 2741 889 2805 fucturi3
900 2740 937 2790 il·
