2036 3030
70 204 87 251 4
252 199 389 252 ΙΟΑΝΝ.
408 199 683 251 FREINSHEMH

70 303 198 352 bulosum
217 301 246 351 id
266 301 388 367 quidem,
407 317 461 351 non
479 307 571 350 tamen
589 301 754 352 adulterium
773 302 868 352 matris

70 369 143 420 falso
155 371 288 418 iactatum
299 375 434 418 asserant.
461 367 568 434 Quippe
580 369 686 436 pulsum
697 369 816 436 Aegypti
826 383 868 418 re-

71 452 125 502 gno
137 435 340 495 Nectenebum‚
360 451 427 497 non,
442 441 471 485 ut
483 436 565 501 vulgo
578 437 758 498 arbitrantur,
776 439 804 486 in
813 435 867 485 Ae-

70 503 180 569 thiopas
192 505 380 565 concessisse3
401 503 451 553 sed
466 518 547 568 quum
563 503 694 554 adversus
711 504 764 553 vim
777 503 867 554 Persi-

72 587 129 620 cam
139 573 168 620 in
181 568 308 636 Philippo
319 571 435 621 maxime
446 571 613 635 praesidium
625 577 761 635 speraret,
773 572 801 621 in
811 573 869 621 Ma-

72 639 215 688 cedoniam
226 645 342 698 vectum,
354 638 764 704 magicispraestigiisillusisse
776 638 869 704 Olym-

72 705 157 767 piadi,
178 713 323 770 torumque
344 703 461 770 hospitis
482 705 671 755 temerarisse.
708 705 748 756 le.
769 705 870 771 Suspe-

70 782 141 824 ctam
153 772 262 838 quidem
274 775 374 824 exinde
385 771 514 838 Philippo
521 808 528 833 ,
546 787 635 838 neque
645 773 728 823 aliam
738 781 795 824 tam
806 775 869 824 inti·

71 856 141 890 rriarn
153 841 279 903 divortii,
294 840 368 907 quod
382 843 514 891 intereos
526 847 650 890 secutum
662 847 718 903 est,
734 855 868 899 caussam,

70 923 119 972 pro
132 917 273 976 comperto
290 914 390 972 postea
403 907 500 958 fuisse.
536 907 625 958 Etiam
641 923 695 973 quo
707 908 752 958 die
765 906 868 972 Philip-

71 991 119 1042 pus
132 977 307 1043 Cleopatram
319 973 429 1023 domum
442 974 736 1038 deduxerat,Attalum,
748 989 867 1042 sponsae

70 1044 244 1103 avunculum,
255 1041 412 1091 Alexandro
425 1041 555 1110 natalium
566 1043 687 1094 dedecus
699 1045 867 1110 exprobrare

70 1125 175 1170 ausum,
191 1111 253 1175 ipso
288 1123 378 1174 noque
391 1122 458 1175 rege
472 1122 507 1157 ex
522 1123 585 1158 sese
600 1110 723 1182 genitum
735 1118 865 1176 negante:

71 1177 110 1226 li,
130 1177 248 1241 denique
268 1124 302 1225 ge
316 1174 488 1241 Olympiadis
503 1175 641 1226 adulterio
656 1179 754 1226 nonin
770 1183 866 1226 nostro

70 1243 159 1293 solum
170 1243 251 1303 orbe,
269 1243 317 1292 sed
328 1243 399 1308 apud
415 1242 538 1292 devictas
548 1258 658 1310 quoque
670 1243 796 1292 nationes
806 1257 868 1308 per-

68 1312 187 1362 tinacem
199 1324 337 1360 rumorem
348 1310 510 1360 obtinuisse.
529 1309 631 1360 Verum
642 1309 776 1360 velandae
786 1311 867 1377 ignu-

68 1378 169 1428 miniae
180 1378 326 1442 repetitum
338 1391 372 1427 ex
383 1377 503 1442 antiquis
513 1375 615 1427 fabulis
628 1378 867 1428 dedraconecom-

69 1451 200 1495 mentum:
221 1443 294 1494 idem
306 1445 377 1494 eninr
391 1445 456 1494 olim
469 1445 502 1494 de
512 1444 685 1494 Aristomene
700 1444 866 1506 Messenios,

67 1514 101 1563 de
111 1513 287 1562 Aristodamu
297 1512 446 1578 Sicyonios
456 1513 613 1562 iactavisse.
654 1511 692 1561 18.
713 1511 784 1562 Sane
796 1513 867 1578 apud

67 1580 187 1630 maiores
198 1585 309 1628 nostros
321 1578 354 1628 de
366 1578 509 1644 Scipione,
529 1579 576 1647 qui
587 1577 781 1646 Carthaginem
793 1580 868 1644 prior

67 1645 173 1709 afflixit,
185 1647 280 1697 eadem
291 1645 379 1696 ferme
389 1645 462 1696 fama
472 1645 540 1710 iuit;
551 1647 703 1714 similisque
715 1647 866 1698 divinitatis

67 1715 225 1780 opinionem
236 1715 353 1766 Romani
364 1715 446 1765 modo
457 1716 588 1780 principis
599 1721 677 1766 ortus
688 1713 794 1765 habuit:
806 1730 867 1765 nam

67 1781 100 1832 de
112 1782 343 1834 conditureUrbis
355 1783 472 1832 Romulo
484 1783 550 1850 quid
561 1784 661 1833 attinet
670 1783 773 1843 dicere,
786 1798 866 1847 quum

65 1851 142 1900 nulla
151 1866 219 1918 gens
230 1859 286 1902 tam
296 1851 358 1901 vilis
369 1851 535 1916 reperiatur,
557 1865 626 1916 quae
641 1851 682 1900 sui
699 1849 810 1914 generis
822 1863 868 1897 au-

67 1927 172 1969 ctorem
184 1934 239 1968 non
250 1918 336 1969 iaciat
346 1919 448 1978 Deum,
467 1923 515 1967 aut
525 1917 586 1967 Deo
603 1915 722 1966 editumi
758 1914 797 1964 19.
817 1917 867 1966 Ce-

67 1991 155 2036 terum
174 1985 328 2036 Nectenebi
348 1985 414 2050 iuga
432 1984 603 2048 temporibus
627 1980 703 2032 hisce
728 1998 782 2032 non
803 1998 866 2032 con-

67 2055 154 2119 gruit:
176 2053 305 2103 sexennis
317 2053 388 2102 enim
399 2052 453 2100 iam
465 2056 525 2100 erat
535 2049 699 2111 Alexander,
720 2065 802 2116 quum
818 2051 866 2100 ille

67 2120 101 2169 ab
117 2119 194 2171 Ocho
212 2121 310 2181 victus,
331 2118 412 2168 avitis
427 2118 525 2182 opibus
540 2118 691 2168 excideret.
727 2117 785 2168 Nec
801 2118 865 2168 ideo

66 2187 156 2237 minus
166 2201 264 2237 vanum
275 2193 327 2248 est,
339 2185 412 2252 quod
424 2185 457 2235 de
468 2185 532 2235 lore
543 2184 640 2236 fertur.
676 2187 717 2235 20.
736 2185 799 2252 Ipsa
809 2185 866 2252 qui·

67 2255 129 2304 dem
141 2254 294 2320 Olympias,
306 2254 399 2304 demto
410 2259 474 2318 post
483 2253 575 2303 mariti
586 2267 682 2304 necem
691 2259 775 2314 metu,
792 2267 867 2304 asse·
889 2269 893 2278 ’

67 2322 237 2372 vetationem
252 2321 300 2370 filii
319 2321 383 2371 lore
399 2336 429 2370 se
446 2323 569 2387 genitum
585 2321 791 2372 credivolentis
806 2321 867 2369 irri-

66 2389 137 2439 sisse
149 2387 260 2450 dicitur,
271 2391 410 2454 missaque
422 2388 542 2454 epistola
553 2389 693 2455 petivisse,
705 2404 739 2438 ne
747 2403 786 2448 se,
798 2385 868 2437 nihil

83 2525 105 2572 l.
124 2525 213 2573 Antea
232 2525 303 2573 enirn
321 2523 382 2590 ipsa
400 2523 519 2574 maxime
544 2523 666 2574 fabulam
686 2523 866 2574 confirmasse

95 2591 201 2654 editur,
220 2591 497 2659 proficiscentemque
520 2591 549 2642 in
567 2593 660 2642 Asiam
680 2589 866 2640 Alexandrum

64 2661 218 2722 monuisse,
237 2666 269 2710 ut
284 2674 389 2710 memor
403 2660 520 2726 originis
535 2659 619 2728 digna
639 2664 716 2710 tanto
736 2657 865 2724 genitore

64 2734 230 2793 capesseret.
264 2730 305 2778 22.
323 2728 426 2779 Verum
437 2734 530 2778 tamen
542 2728 660 2779 ostentis
670 2726 759 2776 Derim
770 2725 864 2774 variis·

6 2456 121 2661 N{ple
136 2455 340 2518 commentam,
362 2456 434 2506 odiis
448 2456 561 2506 lunonis
576 2457 717 2508 obiectare
727 2459 866 2522 pergeret.
889 2489 894 2500 .

1009 2709 1011 2820 i
