2082 3042
144 191 195 245 aod
367 190 537 252 euluul
564 191 733 245 cula'rll

145 304 212 347 aquo
223 291 290 334 Darii
303 291 373 335 fratri
384 291 482 334 Oxathri
496 292 557 334 eruei
571 291 675 344 figendus
689 276 794 334 traditur.
824 293 844 333 t.
859 290 949 334 Barba-

144 376 283 418 renumerga
294 364 431 407 Macedones
441 369 464 406 et
473 377 548 418 regem
563 361 730 407 beneuolentia.
759 361 894 406 Alexander
906 376 948 407 va·

143 437 190 478 rias
201 439 320 490 expugnat
327 437 403 478 urbes.
433 434 599 496 Alexandriam
609 435 639 477 ad
650 434 750 478 Tanaim
760 436 849 486 condit,
858 436 949 480 brevis·

144 500 243 563 aimoque
262 509 372 562 temporis
391 509 467 562 spatio
486 506 591 550 absolvit·
621 511 642 550 i.
658 508 694 550 De
708 507 769 552 belle
779 507 872 562 Scythia
886 509 949 552 inte·

142 581 213 623 tendo
223 594 291 634 aeger
300 594 331 624 ex
340 580 431 623 vulnere
440 593 489 622 oum
499 581 547 624 auis
556 581 600 622 init
610 579 737 623 eonsilium.
761 579 899 625 Atintander
908 595 948 626 va·

143 655 178 695 tes
191 654 251 707 regis
264 651 377 696 voluntati
392 657 497 696 extorum
507 654 663 695 accommodat
672 653 808 706 significata.
838 653 946 698 Menede-

143 740 199 775 mus,
217 740 231 768 a
240 725 374 783 Spitamene
384 727 556 776 circumventus,
576 739 625 766 oum
636 725 722 770 duobus
732 725 835 780 peditum
845 725 946 769 millibus

143 804 167 842 et
177 797 237 840 CCC
248 799 362 853 equitibus
379 797 477 858 altahir
491 799 640 841 interficiturs
660 799 725 852 quani
738 795 825 840 sladem
840 797 946 843 sollerter

144 870 272 914 dissimulat
282 870 423 914 Alexander.
452 875 473 914 Β.
483 870 542 913 Dum
553 871 669 914 exereitus
678 869 707 911 ad
717 868 802 912 bellum
812 872 943 924 accingitur,

143 943 277 998 Scytharum
290 941 360 996 legati
375 943 511 993 adveniunt,
532 955 559 985 ae
571 943 597 986 de
608 955 667 998 paee
678 943 791 996 sunniam
801 943 831 984 ad
842 941 944 987 Alexan·

143 1017 205 1058 dmum
217 1018 341 1058 orationem
353 1015 444 1058 habent·
474 1019 495 1060 9.
510 1014 645 1058 Alexander
659 1017 734 1057 autern
747 1012 829 1068 legatis
844 1015 943 1059 dimissis

143 1087 242 1131 Tanaim
256 1089 349 1137 traiieit¹
367 1085 452 1130 bellum
467 1086 560 1140 Scythia
572 1087 651 1136 infert,
669 1090 694 1130 et
706 1101 756 1129 eum
769 1088 838 1130 vietis
847 1088 942 1142 benigne
1023 1121 1024 1154 p

142 1163 197 1214 agit.
228 1165 261 1204 10.
278 1157 443 1212 Sogdianorum
458 1159 568 1202 nobilium
581 1160 784 1202 invictuaauimua.
814 1159 942 1217 Bessisup·
1023 1215 1024 1218 Ἰ

141 1232 242 1289 plinium.
257 1230 323 1274 Novo
334 1231 407 1274 milite
417 1236 497 1276 ouetus
506 1230 636 1276 Alexandri
645 1233 770 1276 exereitus.
800 1235 834 1276 11.
842 1232 942 1285 Petram.
1023 1227 1024 1282 l

141 1303 406 1359 urbemanrplisaimam,
426 1305 471 1346 situ
481 1309 607 1358 naturaque
617 1302 661 1346 loei
672 1304 723 1347 fere
733 1304 942 1360 inexpugnabilem,

140 1375 276 1418 Alexander
286 1377 315 1418 ad
327 1376 465 1418 deditionem
476 1377 544 1428 cogit.

190 1502 210 1552 l.
229 1468 384 1552 Philotam
399 1504 472 1552 sieut
487 1501 648 1552 recentibus
662 1502 779 1554 sceleris
791 1504 851 1554 eius
861 1505 942 1556 vesti·

140 1571 194 1637 giis
210 1569 270 1620 iure
281 1569 411 1620 affectum
422 1570 559 1636 supplicio
576 1576 743 1620 censuerant
757 1569 874 1632 milites,
894 1571 942 1634 ita,

140 1645 286 1706 postquam
299 1637 421 1688 desierat
432 1652 494 1688 esse
524 1651 586 1688 ueni
599 1636 845 1699 odissent,invidia
855 1638 883 1688 in
895 1639 943 1688 mi·

140 1706 322 1756 sericordiam
342 1707 434 1761 uertit.
471 1708 496 1756 2.
546 1710 644 1756 onerat
659 1710 688 1755 et
700 1705 813 1755 claritas
824 1707 943 1768 iuvenis,

139 1780 168 1824 et
187 1775 272 1840 patris
295 1775 354 1824 eius
374 1779 504 1824 senectus
523 1785 606 1839 atque
626 1772 741 1823 orbitas.
782 1773 806 1823 3.
833 1771 944 1824 Primus
1023 1777 1024 1832 ξ

138 1839 233 1892 Asiam
245 1846 392 1907 aperuerat
402 1841 599 1908 regi,omnium
610 1839 797 1905 periculorum
809 1840 870 1891 eius
883 1855 944 1908 par·
1023 1851 1024 1856 ’

137 1909 243 1974 ticeps;
263 1923 373 1974 semper
392 1909 510 1958 alterum
528 1909 556 1957 in
576 1911 637 1957 acie
657 1922 744 1958 oorou
763 1906 944 1972 defenderam

138 1974 269 2041 Philippo
281 1990 390 2042 quoque
401 1981 465 2026 ante
477 1989 572 2025 onmes
583 1977 701 2038 amious3
722 1981 750 2026 et
759 1975 814 2042 ipsi
825 1975 944 2027 Alexan·
1023 1983 1024 2028 1

138 2043 189 2094 dre
203 2049 259 2093 tam
276 2043 357 2104 lidus,
377 2050 407 2093 ut
422 2042 568 2093 occidendi
584 2042 708 2093 Attalum
724 2057 779 2094 non
795 2042 852 2093 alio
863 2044 945 2093 mini-

138 2117 197 2161 stro
208 2111 248 2160 uti
259 2108 362 2159 mallet.
398 2108 424 2158 ‘h
443 2109 550 2160 Horum
562 2125 595 2161 eo
617 2109 698 2161 {tatio
710 2110 822 2160 subibat
833 2111 944 2161 exerui·
1023 2115 1024 2150 i

137 2182 208 2236 tum3
232 2175 441 2240 seditiosaeque
463 2191 548 2229 voees
568 2126 762 2228 relerebantur
781 2177 817 2227 ad
836 2192 944 2295 repam.
1023 2213 1024 2230 .

138 2242 207 2304 Quis
217 2241 266 2292 ille
277 2240 350 2292 haud
361 2256 427 2292 sane
438 2253 543 2308 motus,
555 2247 679 2312 setisque
689 2244 824 2310 prudens,
840 2251 871 2296 ot
886 2247 895 2295 i
906 2246 946 2294 vi·
1023 2257 1024 2302 1

136 2310 177 2360 tia
186 2309 302 2374 negotio
314 2308 423 2371 discuti,
435 2311 533 2374 edicit,
552 2319 584 2362 ut
597 2327 692 2364 omnes
705 2311 887 2362 investibulo
902 2327 945 2362 re·
1023 2345 1024 2352 .

136 2377 200 2442 giae
210 2383 324 2441 praesto
336 2375 465 2430 afferent.
501 2379 525 2430 5.
542 2380 619 2440 Quos
631 2379 678 2429 ubi
689 2377 852 2446 frequentes
863 2380 946 2430 edes·

136 2457 168 2494 se
178 2446 320 2510 cognovit,
331 2445 359 2495 in
372 2447 534 2496 concionem
548 2447 693 2513 processit.
714 2446 797 2496 Haud
809 2447 898 2498 dubie
907 2453 948 2497 'ex

136 2511 293 2576 composito
307 2510 441 2578 Apharias
456 2514 599 2580 postulare
613 2515 716 2630 eoepit,
735 2520 767 2563 ut
783 2513 947 2580 Lyncestes

135 2577 304 2640 Alexander,
326 2581 372 2646 qui
383 2581 469 2632 multo
481 2587 545 2632 ante
557 2596 637 2649 quarn
649 2581 670 2632 Ρ
691 2581 775 2631 ilotas
787 2595 886 2648 regem
898 2595 947 2632 vo·
1023 2587 1024 2610 .

134 2645 235 2696 luisset
245 2647 384 2709 occidere,
396 2647 582 2700 exhiberetur.
602 2648 626 2699 o.
637 2651 660 2699 A
670 2648 778 2699 duobus
788 2649 947 2710 indicibus,
1023 2691 1024 2704 .

134 2713 209 2764 siout
219 2715 444 2780 supradiximus,
456 2716 579 2778 delatus,
590 2717 703 2766 tertium
713 2716 768 2766 iam
781 2731 888 2767 annum
897 2732 949 2767 ea·
1023 2713 1024 2778 ξ
