2082 3042
303 172 448 223 LIBER
475 171 560 222 vlll.
589 172 686 223 CAP.
716 173 739 222 l.
873 171 923 223 alr

118 274 280 326 minieulum
290 279 319 323 et
328 272 479 340 suffugium
490 279 559 323 erat.
595 272 619 321 8.
638 272 697 323 Nee
706 273 825 325 fallebat
833 274 922 342 ipsos,

117 341 203 392 morti
216 340 309 390 locum
324 338 442 408 eligere,
462 355 546 408 quum
561 335 718 390 immobiles
733 341 826 393 vitalis
843 341 923 392 eolor

116 409 268 476 linqueret:
281 407 331 458 sed
341 414 422 474 grata
432 413 493 458 erat
501 407 618 474 pigritia
626 407 922 523 corporumlatigatis3

116 490 169 526 nec
180 474 355 527 recusabant
373 475 513 542 exstingui
534 476 666 540 quiescen
688 488 717 524 οι
746 476 846 541 quippe
864 492 921 530 non

114 540 265 594 vehemens
275 541 367 605 modo,
377 543 428 593 sed
439 544 522 592 etiam
533 542 672 608 pertinax,
683 541 726 590 vis
735 540 801 591 mali
810 541 921 595 insiste·

114 611 178 672 bat3
195 610 348 676 lucemque,
360 609 487 660 naturale
498 609 639 670 solatium,
650 613 764 674 praeter
774 613 921 675 tempesta·

113 682 172 727 tem
192 674 265 728 haud
283 678 422 744 disparem
443 677 529 737 noeti,
549 675 680 726 silvarum
700 689 811 742 quoque
826 676 922 728 umbra

115 752 317 810 suppresserat.
353 744 378 796 9.
397 745 467 806 Rex,
487 759 557 794 unus
570 743 642 794 tanti
655 742 720 793 moli
734 743 853 809 patiens,
871 744 922 793 eir-

115 812 219 862 eumire
230 811 343 873 milites,
364 809 531 862 contrahere
548 809 701 877 dispersos,
720 809 844 861 allevare
859 824 922 876 pro-

115 884 227 940 stratos,
250 879 400 930 ostendere
417 877 516 944 procul
529 877 671 928 evolutum
689 891 725 928 ex
737 877 859 944 tuguriis
881 875 922 928 fu-

115 961 198 1009 mum,
217 944 380 1011 hortarique
391 951 422 996 ut
432 946 559 1012 proxima
568 959 695 1012 quaeque
707 943 831 1012 suffugia
841 959 931 996 occu-1

115 1019 223 1079 parent.
244 1014 284 1063 10.
295 1012 355 1064 Nec
366 1013 425 1063 ulla
434 1027 479 1063 res
490 1015 579 1080 magis
591 1011 677 1064 saluti
686 1011 838 1078 fuit‚quam
848 1012 924 1080 quod

116 1079 302 1144 multiplicato
323 1080 421 1131 labore
442 1081 625 1131 sufficientem
644 1080 735 1142 malis,
756 1078 855 1148 quibus
869 1079 925 1146 ipsi

115 1151 274 1209 cesserant,
285 1160 380 1214 regem
392 1148 522 1198 deserere
535 1148 746 1214 erubescebant.
783 1149 823 1197 ll.
843 1147 924 1198 cete-

115 1230 175 1266 rum
187 1214 329 1265 efficacior
338 1215 366 1266 in
378 1216 503 1266 adversis
515 1216 679 1279 necessitas,
692 1231 773 1282 quam
783 1215 866 1278 ratio,
875 1214 924 1265 fri-

115 1284 193 1350 goris
207 1282 360 1334 remedium
373 1283 488 1334 invenit,
523 1283 657 1335 Dolabris
673 1285 746 1335 enim
757 1283 842 1334 silvas
853 1289 923 1334 ster·

115 1364 182 1400 nere
202 1350 339 1416 aggressi,
360 1353 464 1416 passim
485 1358 601 1404 acervos
622 1357 769 1418 struesque
789 1351 924 1402 accende·

114 1423 187 1468 runt.
225 1419 265 1469 1-2.
285 1417 448 1470 Continenti
464 1418 595 1469 incendio
606 1419 705 1470 ardere
721 1418 852 1470 crederes
868 1418 923 1470 sal·

116 1491 185 1546 tum,
196 1490 226 1535 et
235 1484 283 1536 vix
291 1486 367 1536 inter
376 1484 501 1535 flammas
514 1486 669 1551 agminibus
680 1485 807 1536 relietum
818 1486 921 1536 locum.

115 1552 171 1601 llic
181 1551 260 1601 ealar
270 1552 413 1615 stupentia
423 1550 547 1601 membra
559 1551 924 1618 commovit,paullatimque

116 1617 231 1684 spiritus
279 1632 343 1668 uem
359 1619 536 1668 continuerat
548 1618 635 1684 rigor,
655 1632 748 1668 meare
759 1617 848 1669 libere
859 1632 924 1671 σοο-

115 1687 176 1754 pit·
205 1685 244 1736 13.
288 1699 323 1735 xc
361 1684 788 1747 erealiostectabarbarorum,
809 1685 924 1752 quaein

116 1752 217 1805 ultimo
237 1751 310 1803 saltu
323 1767 340 1802 a
361 1751 420 1802 dita
434 1753 588 1802 necessitas
598 1751 830 1818 investigaverat:
851 1751 926 1806 allos

117 1826 220 1882 eastra,
241 1833 312 1886 quae
322 1821 352 1871 in
362 1817 476 1870 humido
488 1818 609 1885 quidem,
629 1818 680 1869 sed
691 1818 745 1867 iam
758 1817 831 1868 coeli
846 1818 926 1872 mite-

117 1893 214 1941 scente
224 1887 354 1950 saevitia,
368 1887 542 1939 locaverunt.
578 1885 659 1937 Mille
669 1885 787 1935 militum
798 1891 828 1935 at
846 1901 882 1936 ue
892 1883 926 1938 li·

116 1971 215 2008 xarum
225 1957 409 2023 calonumque
420 1955 509 2022 pestis
519 1954 570 2006 illa
580 1955 742 2005 consumsit.
767 1952 808 2003 14.
851 1967 926 2006 emo-

116 2025 177 2076 riae
188 2022 329 2089 proditum
339 2029 392 2086 est,
399 2021 535 2091 quosdam
542 2022 699 2089 applicatos
710 2020 840 2072 arborum
850 2027 927 2073 trun·

116 2094 170 2153 cis,
190 2095 219 2140 et
237 2103 293 2140 non
311 2089 403 2140 solum
422 2090 588 2153 viventibus,
609 2091 659 2142 sed
675 2096 704 2141 et
713 2090 787 2141 inter
797 2103 827 2140 se
838 2089 928 2141 eollo-

119 2156 267 2227 quentibus
288 2155 403 2218 similes,
424 2172 487 2210 essa
501 2163 683 2226 conspectos3
703 2157 821 2208 durante
836 2155 927 2209 adhue

118 2223 225 2287 habitu,
243 2224 274 2275 in
293 2238 348 2289 quo
366 2238 443 2274 mors
465 2240 601 2293 quemque
616 2221 847 2292 deprehenderat.
884 2225 926 2279 1⁵.

118 2293 205 2344 Forte
214 2291 335 2343 Macedo
346 2291 494 2358 gregarius
503 2293 584 2344 miles
596 2309 684 2361 seque
693 2299 722 2345 et
732 2306 810 2344 arma
819 2297 927 2345 susten·

120 2366 193 2420 tans,
214 2359 328 2411 tandem
343 2361 373 2410 in
389 2365 481 2410 castra
491 2367 665 2426 pervenerat.
701 2361 764 2421 Quo
775 2361 846 2424 viso,
865 2377 925 2424 rex,

120 2439 286 2495 quamquam
297 2428 359 2494 ipse
371 2433 432 2478 tum
444 2427 564 2478 maxime
578 2428 690 2479 admoto
702 2428 767 2494 igne
779 2426 927 2481 refovebat

117 2499 207 2557 artus,
218 2494 334 2547 exsella
344 2509 395 2545 sua
405 2494 529 2555 exsiluit,
541 2501 752 2560 torpentemque
761 2495 887 2558 militem,
898 2501 929 2546 et

119 2562 167 2612 vix
177 2567 334 2629 compotem
345 2561 456 2623 mentis,
462 2561 562 2614 demtis
574 2563 657 2612 armis
668 2563 697 2612 in
708 2576 759 2612 sua
767 2561 834 2616 sede
844 2561 929 2613 iussit

119 2629 280 2681 considere.
317 2629 358 2682 16.
377 2627 929 2694 111οάίιι,ἰιοοιιῐ)ὶιειιιιὶοιοειοῐ,ιιοοα

115 2712 176 2764 quo
188 2703 418 2764 cantassemus,
429 2698 554 2766 agnovit.
590 2696 716 2748 Tandem
725 2700 841 2761 recepto
853 2695 927 2758 ealo-
