2036 3030
98 185 112 230 2
282 179 416 234 lOANN.
434 182 711 236 FREINSHEMII

95 291 211 322 manorum
226 277 316 334 legator
331 267 428 337 excipit.
459 281 544 326 Contra
561 282 656 337 Illyrios
669 286 829 339 proficiscitur.
860 293 895 330 1³.

94 349 181 406 Sparso
197 352 224 395 de
239 358 310 395 morte
325 354 373 396 eine
386 367 482 404 rumore,
497 353 612 400 rebellant
626 355 720 406 Graeci,
740 356 897 404 Demosthene

92 425 224 476 instigante.
253 425 323 468 Redit
337 424 471 470 Alexander
485 430 510 469 et
523 426 617 470 Thebae
635 431 726 473 evertit.
755 434 790 474 tr.
808 432 893 477 Pacem

95 495 273 540 Atheniensibus
284 499 394 549 coneedit,
403 500 428 541 in
437 498 522 542 Perseo
532 497 616 543 bellum
625 499 720 544 laturus.

147 611 168 662 I.
188 577 364 678 Alexandri,
382 615 428 681 qui
441 614 597 682 ademptum
607 587 701 668 Persis
711 618 854 684 imperium
865 621 897 669 in

98 679 242 730 Graeciam
260 681 367 744 intulit,
393 682 476 732 vitam
499 689 581 750 atque
605 698 650 734 res
670 692 763 751 gestas
784 686 894 752 plurimi

98 747 266 798 Graecorum
278 755 512 800 memoraverunt:
524 765 558 801 ex
569 751 667 817 quibus
674 752 893 820 plerosqueope·

95 829 154 864 rum
169 831 281 866 suorum
292 821 478 932 spectatores,
498 819 632 884 quosdam
646 820 730 869 ctiam
747 822 840 870 socios
855 829 896 870 ot-

95 897 148 948 que
159 885 301 934 ministros
332 884 419 946 abuit;
430 885 589 947 nonnullos,
604 892 635 936 ut
644 896 704 937 crat
713 888 809 938 avidus
819 902 894 936 man·

95 965 176 1000 surae
187 957 375 1018 postmortem
386 951 503 1016 gloriae,
511 953 545 1002 ad
556 951 611 1004 hoc
619 954 710 1019 ipsum
720 954 855 1016 evocavit,
863 963 895 1005 ut

95 1032 140 1068 res
155 1033 219 1068 suas
235 1017 378 1068 traderent
393 1019 559 1083 posteritati.
594 1023 618 1069 2.
638 1023 766 1072 Ceterum
782 1029 897 1086 praeter·

94 1087 183 1152 ipsam
198 1099 290 1134 rerum
300 1085 526 1151 magnitudinem,
540 1087 635 1136 innata
648 1089 725 1152 genti
738 1089 892 1140 fabularum

95 1153 196 1217 cupido
211 1151 319 1212 effecit,
336 1159 474 1202 uteorum
491 1153 647 1219 complures
664 1157 794 1205 monstris
813 1171 893 1221 quam

95 1235 161 1270 vero
178 1219 313 1269 similiora
325 1219 487 1285 proderent:
508 1221 561 1270 tide
579 1227 670 1270 autem
687 1221 841 1286 dignissimi
856 1224 894 1270 vi-

97 1287 196 1337 dentur
206 1285 392 1347 Ptolemaeus,
404 1287 448 1352 qui
461 1294 560 1351 postea
569 1287 705 1352 regnavit,
717 1287 885 1339 etAristobu

96 1355 147 1403 lus.
184 1355 208 1404 3.
227 1353 335 1404 Etenim
347 1354 485 1404 exstincto
496 1355 551 1404 iam
560 1354 716 1404 Alexandro
728 1370 779 1404 sue
790 1355 898 1406 edenti·

95 1421 147 1471 bus
158 1427 247 1470 metus
259 1427 287 1470 et
301 1421 497 1471 assentationis
512 1436 613 1472 causae
628 1421 819 1484 decesserant,
838 1425 895 1489 qui-

96 1489 147 1537 bus
159 1487 218 1537 iere
229 1487 425 1538 narrandorum
436 1502 528 1538 rernm
538 1489 640 1540 veritas
656 1489 795 1555 corrumpi
808 1491 896 1541 solet:

97 1569 159 1606 nem
181 1555 369 1606 Ptolemaeum
393 1556 476 1605 etiam
497 1556 569 1622 regii
593 1555 712 1606 nominis
733 1556 896 1624 dignitatem

97 1621 222 1672 mendaci
234 1621 350 1672 historia
361 1623 486 1688 polluere
498 1622 620 1673 voluisse
636 1625 697 1688 quis
712 1624 855 1676 crederet?
872 1627 896 1674 4.

95 1689 216 1754 Uterque
231 1695 321 1740 autem
335 1705 416 1756 quum
430 1689 524 1741 multis
539 1691 573 1740 ad
587 1705 632 1741 res
649 1690 797 1743 Alexandri
813 1696 897 1759 perti-

96 1757 408 1824 nentibusnegotiisnon
420 1758 597 1810 interfuerint
605 1759 697 1821 modo,
708 1774 801 1810 rerum
813 1764 898 1810 ctiam

96 1823 278 1890 praefuerint,
297 1827 441 1878 verissima
456 1819 596 1894 prae'aliis
607 1827 718 1876 tradere
728 1827 853 1891 potuisse
864 1827 897 1878 li·

96 1900 170 1958 quet.
205 1893 229 1942 5.
252 1893 368 1952 Quoties
379 1895 466 1962 igitur
476 1895 660 1954 consentiunt,
672 1894 773 1942 ceteris
784 1893 898 1946 anteha-

73 1983 79 1992 ·
97 1960 216 2010 buimus:
235 1960 280 2010 ubi
292 1961 318 2010 in
331 1961 598 2020 diversumabeunt,
614 1973 648 2009 ex
663 1960 744 2025 copia
757 1975 849 2012 rerum
864 1977 898 2013 ea

96 2028 269 2090 potissimum
280 2029 534 2092 secr·evinrus‚qooe
542 2026 691 2093 diligenter
700 2028 773 2077 inter
782 2044 812 2080 se
823 2045 896 2080 com-

95 2097 188 2158 posita
200 2095 324 2162 proxime
336 2095 472 2144 adrerum
488 2100 627 2161 gestarum
639 2095 720 2144 tidem
732 2096 895 2148 videbantur

96 2163 239 2213 accedere.
275 2161 299 2212 o.
321 2161 401 2221 Quod
422 2162 503 2212 etiam
524 2167 589 2228 post
609 2168 728 2213 aetatem
746 2163 898 2215 Alexandri

96 2229 168 2278 alios
183 2229 352 2279 Graecorum
370 2236 480 2279 secutos
495 2230 591 2291 video,
612 2231 710 2296 quibus
731 2233 823 2298 aliqua
836 2233 896 2282 veri

96 2311 163 2346 cura
173 2295 240 2358 fuit3
261 2304 290 2346 et
303 2311 389 2362 nuper·
405 2312 440 2347 ex
454 2296 551 2348 Sicilia
564 2297 729 2350 Diodorum.
765 2299 834 2350 Nem
850 2301 895 2364 qui

96 2379 130 2414 er
147 2364 278 2414 Romanis
300 2365 417 2414 animum
439 2365 474 2416 ed
494 2363 637 2416 historiam
655 2366 855 2433 applicuerunt,
876 2366 895 2414 ii

95 2432 193 2498 patriis
214 2429 298 2481 rebus
318 2432 450 2494 contenti,
471 2440 585 2483 externa
599 2434 740 2500 neglectui
760 2431 895 2483 habuere:

96 2500 161 2566 quia
172 2498 286 2551 victoris
297 2498 389 2566 populi
402 2505 483 2568 gesta
493 2500 722 2566 componentibus
733 2515 822 2567 neque
839 2516 894 2550 ma-

94 2569 181 2617 iestas
196 2581 287 2617 rerum
301 2567 405 2630 deerat,
425 2575 454 2619 et
468 2568 530 2635 plus
546 2568 676 2619 utilitatis
689 2567 808 2618 allatura
822 2568 895 2618 ride-

95 2632 233 2685 banturin
252 2637 348 2687 eadem
362 2635 506 2702 republica
519 2635 693 2703 degentibus.
727 2635 753 2686 t.
773 2635 899 2696 Quorum
971 2684 974 2688 .

95 2693 215 2754 studium
227 2709 258 2754 ut
267 2703 348 2756 leude
361 2704 552 2772 dignissimum
564 2703 694 2766 arbitror,
710 2702 751 2753 sic
768 2711 846 2754 extre
856 2717 898 2752 re-
