2098 3040
366 205 514 276 arans
540 209 590 260 rx.
619 211 714 262 cnr.
740 212 766 262 t.
920 214 968 264 371

161 307 254 360 lanias
269 323 287 358 a
298 323 366 376 rege
381 309 528 360 attributas
544 311 730 376 reliquerunt,
749 311 868 364 revertit
881 313 907 362 in
923 328 969 378 pa-

162 375 253 427 triam.
288 375 368 426 Haec
388 376 464 428 circa
482 377 586 428 Bactra
606 384 634 428 et
649 376 814 444 Scytharum
832 381 968 431 terminos

163 449 254 510 gesta.
290 445 331 493 12.
350 445 463 495 Interim
474 459 569 512 regem
583 445 698 496 duarum
709 447 844 512 gentium,
864 448 898 498 de
910 448 969 514 qui-

162 510 215 561 bus
226 515 291 562 ante
302 511 404 562 dietum
415 518 471 574 est,
493 518 603 564 uentum
617 511 705 578 legati
717 511 826 564 adeunt.
864 515 968 565 Omnes

163 592 246 628 curru
255 575 435 642 vehebantur,
446 579 548 630 eximia
557 578 748 646 magnitudine
759 594 914 646 corporum,
921 583 968 632 de-

163 659 230 696 coro
241 643 350 710 habitu;
361 646 454 696 lineae
465 653 557 698 vestes
568 648 692 698 intextae
703 660 781 708 auro,
793 661 967 715 purpuraque

163 713 319 764 distinctae.
357 713 397 764 13.
413 713 448 762 Ei
460 729 490 764 se
501 714 605 765 dedere
616 713 704 781 ipsos,
715 713 807 774 urbes,
819 727 967 782 agrosque,

162 778 335 842 1·eferebant;
355 794 406 846 per
421 785 464 830 tot
475 787 581 832 aetates
591 780 756 832 inviolatam
765 779 924 831 libertatem
935 783 967 832 il·

160 848 215 898 lius
225 848 343 915 primum
354 847 421 897 fidei
432 847 587 914 ditionique
600 849 795 916 permissuros.
825 845 902 898 Deos
914 847 967 898 sibi

162 915 314 967 deditionis
325 920 464 977 auctores,
485 930 538 966 non
553 917 672 977 metum3
693 915 794 982 quippe
804 915 918 965 intactis
929 916 967 964 vi-

160 982 238 1032 ribus
248 982 345 1048 iugum
356 983 495 1048 excipere.
508 997 512 1004 ·
532 983 572 1034 14.
591 982 660 1044 Rex,
673 982 793 1032 consilio
803 980 909 1044 habito,
921 982 966 1032 de-

161 1049 238 1099 ditos
255 1048 286 1098 in
304 1047 388 1098 fidem
407 1050 524 1115 accepit,
546 1050 695 1116 stipendio,
717 1049 791 1116 quod
805 1047 966 1100 Arachosiis

161 1121 278 1182 utraque
290 1117 366 1167 natio
377 1117 544 1182 pensitabat,
553 1117 687 1184 imposito
696 1133 704 1180 3
714 1122 863 1182 praeterea
871 1113 896 1167 ll
907 1117 966 1166 mil·
1041 1173 1042 1176 Ἴ

160 1183 199 1233 lia
219 1184 289 1234 et'D
309 1186 417 1251 equites
436 1184 573 1250 imperati.
608 1183 651 1235 Ea
668 1185 761 1234 omnia
775 1184 968 1235 obedientera

160 1250 287 1302 barbaris
300 1249 386 1302 faeta.
406 1251 445 1302 15.
457 1252 583 1304 Invitatis
597 1252 697 1302 deinde
709 1251 744 1302 ad
755 1252 851 1319 epulas
861 1252 966 1319 legatis

159 1318 284 1386 gentium
293 1319 465 1387 regulisque,
477 1321 607 1372 exornari
618 1319 774 1371 convivium
785 1320 876 1371 iussit.
896 1320 965 1372 Gen-

157 1393 216 1438 tum
226 1388 304 1439 aurei
315 1388 382 1438 lecti
392 1388 508 1439 modicis
518 1388 674 1440 intervallis
684 1389 769 1454 positi
781 1394 872 1450 erant;
882 1387 964 1438 lectis
1041 1389 1042 1394 ’

157 1455 379 1506 circumdederat
398 1455 506 1518 aulaea,
525 1471 648 1522 purpura
667 1469 791 1521 auroque
810 1455 964 1522 fulgentia3

158 1521 293 1588 quidquid
304 1528 352 1571 aut
361 1521 434 1586 apud
444 1520 546 1572 Persas
556 1528 651 1573 vetere
662 1523 744 1582 luxu,
765 1526 814 1572 aut
823 1523 895 1588 apud
905 1522 964 1572 Ma-

159 1589 281 1638 cedonas
292 1601 367 1638 nova
376 1588 569 1638 immutatione
582 1593 742 1653 corruptum
757 1594 826 1648 erat,
838 1588 963 1638 confusis
1041 1629 1042 1632 ,

159 1655 304 1720 utriusque
323 1654 416 1722 gentis
436 1655 562 1704 vitiisin
578 1654 629 1705 illo
650 1653 778 1704 convivio
803 1653 962 1704 ostendens.

160 1723 201 1774 16.
219 1722 359 1773 intererat
377 1721 467 1788 epulis
488 1721 646 1788 Dioxippus
664 1719 857 1781 Atheniensis,
885 1720 965 1788 pugil
1041 1773 1042 1776 ,

160 1789 272 1853 nobilis,
284 1795 313 1842 et
323 1789 359 1842 ob
368 1789 499 1841 eximiam
509 1788 640 1840 virtutem
649 1788 749 1838 virium
759 1788 821 1853 regi
832 1793 964 1855 pernotus

160 1863 189 1909 et
198 1863 303 1925 gratus.
339 1857 430 1908 Invidi
444 1854 616 1922 malignique
629 1853 813 1920 increpabant
825 1867 877 1922 per
889 1856 965 1906 seria

159 1931 188 1976 et
196 1925 304 1989 ludum,
325 1924 447 1993 saginati
461 1923 588 1989 corporis
599 1922 680 1990 sequi
689 1921 817 1972 inutilem
827 1921 963 1972 belluam:

159 2007 243 2062 quum
251 1994 307 2060 ipsi
317 1993 455 2060 proelium
463 1991 575 2054 inirent,
597 1991 662 2042 oleo
677 1989 835 2040 madentem
850 2003 965 2056 praepa·

156 2076 221 2113 rare
240 2067 366 2112 ventrem
386 2060 485 2128 epulis.
522 2060 562 2110 17.
581 2058 687 2110 Eadem
699 2057 787 2125 igitur
795 2060 825 2109 in
835 2057 964 2107 convivio

156 2129 296 2181 Horratas
307 2129 491 2218 Macedt'piam
501 2127 671 2179 temulentus
682 2125 852 2193 exprobrare
864 2124 889 2174 ei
901 2138 964 2174 coe-

176 2198 208 2260 it,
227 2202 256 2247 et
266 2195 420 2262 postulare,
440 2201 480 2258 ut,
496 2197 521 2246 si
531 2197 573 2247 vir
583 2201 669 2258 esset,
684 2199 799 2260 postero
813 2193 859 2242 die
870 2207 963 2243 secum

156 2214 233 2317 derra
245 2264 423 2316 decerneret:
432 2277 529 2330 regern
541 2265 652 2314 tandem
662 2260 753 2312 valde
764 2262 964 2311 suatemerita-

156 2343 195 2394 te,
213 2333 260 2384 vel
274 2332 309 2384 de
323 2331 400 2382 illius
410 2331 726 2398 ignaviaindicaturum.
764 2327 804 2377 18.
823 2327 963 2380 EtaDio·

157 2402 253 2468 xippo,
275 2399 437 2452 contemtim
447 2397 598 2449 militarem
609 2396 740 2448 eludente
751 2394 899 2460 ferociam,
920 2410 964 2444 ac·

158 2474 239 2535 cepta
249 2467 374 2520 1111111110
386 2471 439 2518 est.
474 2465 516 2516 Ac
527 2471 642 2534 postero
654 2466 700 2516 die
710 2478 771 2526 rex,
786 2479 869 2531 quum
880 2463 964 2514 etiam

158 2537 250 2587 aerius
261 2541 403 2587 certamen
414 2540 609 2600 exposcerent,
622 2533 687 2599 quia
697 2532 839 2583 deterrere
850 2545 907 2580 non
915 2544 965 2646 po·
1041 2579 1042 2582 ,

156 2607 240 2666 terat,
259 2603 399 2656 destinata
413 2604 530 2670 exsequi
547 2617 647 2668 passus
659 2605 710 2652 est.
747 2597 787 2650 111.
806 2599 907 2664 Ingens

155 2671 291 2734 militum,
309 2671 384 2722 inter
395 2685 465 2739 quos
477 2676 557 2722 erant
567 2669 678 2731 Graeci,
699 2669 745 2735 qui
754 2667 895 2732 Dioxippo
907 2670 964 2716 stu·

157 2737 270 2804 debant,
291 2746 460 2790 convenerat
473 2738 632 2790 multitudo.
667 2733 788 2854 bqapqdo
801 2735 876 2785 iusta
889 2747 965 2784 arma

937 2595 1042 2646 ie,
