2054 3030
307 170 456 222 nicar:
483 169 530 222 1v.
559 171 656 223 cur.
685 173 709 223 1.
863 138 913 224 ras
1011 136 1012 140 ¹

96 274 203 326 lidum:
220 287 284 339 cape
298 271 370 338 regis
383 271 514 336 unicium,
531 279 557 323 ct
570 271 598 322 in
612 289 669 324 eam
679 271 849 353 susurnam„
859 288 913 340 quc

95 341 202 410 diguus
213 355 246 400 es,
261 339 340 391 isram
350 339 543 418 corstinentiunr
550 338 656 409 profer.
692 339 733 391 Et
742 357 822 408 quum
831 358 861 392 :u
871 357 900 392 re
911 375 912 378 =

92 409 157 478 guli
167 407 236 458 solio
247 407 379 470 residebis,
385 407 456 458 citae
462 423 585 474 acusque
596 407 712 458 omniun:
723 409 817 458 muium
828 408 911 460 domi-

92 492 157 536 nus,
182 490 245 526 euve
258 474 420 526 obliviscaris
435 474 512 526 buius
527 482 623 536 sicma,
642 473 671 524 in
688 491 738 540 quo
756 475 854 542 accipis
870 493 911 528 rc·

90 557 203 612 gnum
219 540 298 592 ironic
309 542 424 609 hercule,
439 551 554 610 propter
567 558 653 608 quem.
690 542 731 591 23.
748 541 861 595 Somnio
875 545 912 594 si·

91 611 174 661 milis
189 623 235 659 res
252 610 438 660 Abdolonimo
458 609 619 661 videbatur:
636 609 785 671 interdum,
806 611 911 663 satisne

92 678 158 730 sani
170 684 280 738 essent,
292 679 339 744 qui
348 683 406 727 tam
415 683 546 744 proterve
556 677 611 727 sibi
622 677 782 737 illuderent,
797 691 912 742 percon-

91 745 220 796 tabatur.
258 744 315 796 Sed
334 751 365 795 ut
381 743 523 796 cunctanti
543 742 658 810 squalor
677 742 787 792 ablutus
807 750 861 806 est,
884 751 913 796 et

90 813 203 864 iniecta
217 813 305 862 vestis
325 825 448 877 purpura
461 824 585 876 auroque
600 810 741 870 distincta,
763 816 792 860 et
810 810 880 862 tides
896 826 913 862 a

90 879 255 932 iurantibus
266 877 356 940 iacta,
375 879 450 928 serio
461 877 516 926 iam
527 891 587 940 rex,
607 878 708 930 iisdem
723 877 873 928 comitibus
883 880 913 928 in

89 948 207 1013 regiam
227 945 363 1011 pervenit.
400 946 442 994 24.
460 943 555 1006 Fama,
575 952 606 996 ut
619 946 705 1008 solet,
726 951 839 995 strenue
852 950 913 996 tota

91 1015 165 1064 urbe
177 1013 327 1062 discurrit:
347 1012 464 1062 aliorum
472 1012 603 1073 studium,
618 1013 737 1064 aliorum
753 1013 911 1079 indignatio

92 1078 254 1132 eminebat:
275 1079 429 1130 ditissimus
444 1080 560 1146 quisquc
574 1080 758 1131 humilitatem
775 1080 911 1146 inopiam·

91 1163 149 1216 que
167 1147 232 1198 eius
248 1147 320 1213 apud
335 1146 439 1198 amicos
453 1146 605 1198 Alexandri
624 1149 830 1199 criminabatur.
868 1147 909 1197 25.

91 1215 215 1267 Admitti
227 1227 290 1264 eum
305 1229 355 1266 rex
369 1217 495 1281 protinus
510 1216 604 1277 iussit;
619 1216 721 1282 diuque
738 1215 909 1282 contempla·

92 1290 147 1344 tus,
159 1279 300 1348 corporis,
317 1284 417 1349 inquit,
432 1281 642 1353 balitusfamue
650 1283 757 1352 generis
768 1300 821 1334 con
832 1295 910 1350 repu-

91 1358 176 1417 gnat:
199 1348 248 1400 scd
266 1348 329 1400 libet
348 1349 426 1412 scira
445 1350 565 1416 inopiam
582 1351 784 1418 cooperientia
801 1350 911 1402 tuleris?

94 1419 165 1468 Tun:
184 1415 373 1478 illectricem,
393 1419 495 1484 inquit,
513 1421 603 1470 collem
623 1419 711 1469 auimo
726 1435 838 1487 reguum
848 1416 912 1486 pati

91 1484 211 1550 possim!
231 1481 294 1534 Hae
307 1499 402 1536 mauu:
413 1484 543 1552 suffecere
555 1485 683 1536 desiderio
693 1502 765 1536 mcc:
784 1486 854 1536 nicil
861 1485 909 1536 bu-

96 1551 169 1601 benti
181 1550 254 1602 nicil
271 1551 367 1619 defuit.
403 1551 445 1602 26.
466 1553 586 1619 Magnae
598 1553 703 1604 indolis
718 1555 860 1620 specimen
875 1567 911 1604 ex

14 1625 16 1632 ’
96 1616 148 1668 hoc
159 1633 294 1670 sermone
305 1618 486 1669 Abdolonimi
501 1622 583 1686 cepit.
619 1621 785 1686 ltaquenon
803 1621 910 1672 Strato-

95 1686 137 1736 nis
147 1688 235 1738 modo
247 1687 355 1752 regiam
367 1686 569 1750 supellectilem
582 1689 696 1738 attribui
708 1687 734 1738 ei
750 1689 844 1747 iussit,
860 1686 911 1736 sed

96 1752 230 1822 pleraque
244 1755 329 1804 etiam
342 1767 377 1804 ex
387 1753 503 1803 Persica
512 1753 627 1818 praeda:
644 1755 787 1820 regionem
798 1766 910 1819 quoque

97 1820 156 1870 urbi
183 1820 343 1889 appositam
367 1820 468 1871 ditioni
489 1821 548 1870 eius
575 1820 689 1870 adiecit.
734 1821 776 1868 27.
798 1819 911 1870 interea

14 1937 16 1942 .
97 1887 240 1953 Amyntas,
253 1904 335 1955 quem
349 1889 384 1939 ad
396 1887 498 1939 Persas
510 1888 544 1938 ab
554 1887 711 1939 Alexandro
723 1885 910 1953 transfugisse

14 1957 15 2006 i
99 1953 226 2018 diximus,
241 1971 304 2006 cum
314 1963 435 2022 quatuor
444 1955 567 2006 millibus
582 1956 761 2016 Graecorum,
772 1957 864 2020 ipsum
876 1967 911 2004 ex

98 2022 158 2072 acie
178 2025 346 2089 persecutis,
368 2023 437 2090 iuga
456 2024 594 2091 Tripolim
615 2025 751 2090 pervenit.
787 2021 864 2083 inde,
882 2023 910 2070 in

99 2102 181 2140 naves
202 2091 343 2144 militibus
362 2093 514 2157 impositis,
546 2095 668 2160 Cyprum
690 2089 857 2142 transmisit:
881 2095 910 2139 et

99 2169 180 2220 quum
189 2161 219 2210 in
229 2159 281 2211 illo
294 2164 471 2211 staturarum
484 2160 514 2210 id
524 2175 672 2226 quemque,
690 2158 766 2226 quod
777 2171 909 2222 occupas·

100 2229 151 2284 set,
167 2223 328 2278 habiturum
339 2227 531 2288 arbitraretur,
552 2227 630 2278 velut
639 2233 716 2277 certo
726 2227 788 2275 iure
799 2237 909 2290 posses·

100 2303 171 2354 sum:
189 2295 347 2362 Aegyptum
357 2301 454 2360 petere
466 2295 603 2354 decrevit,
620 2295 729 2360 utrique
738 2293 799 2360 regi
810 2291 909 2354 hostis,

103 2361 132 2403 et
141 2371 249 2427 semper
260 2377 294 2412 ex
306 2363 419 2428 ancipiti
431 2365 585 2412 mutatione
603 2368 757 2426 temporum
775 2360 908 2427 pendens.

63 2487 65 2492 Ι
102 2420 143 2470 28·
162 2426 353 2496 Hortatusque
372 2430 476 2480 milites
497 2429 532 2479 ad
547 2443 623 2495 spem
638 2434 732 2479 tantae
748 2429 798 2491 rei,
816 2428 909 2488 docet,

103 2485 228 2544 Satacem
239 2505 396 2562 praetorem
407 2497 527 2564 Aegypti
539 2497 676 2547 cecidisse
686 2498 714 2547 in
725 2497 798 2546 acie:
810 2495 909 2546 Persa·

102 2566 160 2606 rum
171 2565 339 2624 praesidium
351 2570 380 2616 et
390 2565 451 2615 sine
463 2566 532 2615 duee
546 2579 621 2628 esse,
641 2571 669 2614 et
679 2564 842 2614 invalidum:
856 2561 908 2610 Ae·

104 2629 224 2699 gyptius,
239 2645 348 2698 semper
365 2632 540 2700 praetoribus
552 2647 646 2683 eorum
656 2629 787 2690 infestos,
801 2641 851 2694 pro
863 2640 908 2676 so·

14 2719 15 2722 =
102 2691 154 2740 eris
165 2694 252 2762 ipsos,
263 2715 318 2750 non
328 2715 378 2767 pro
391 2699 519 2751 hostibus
531 2701 736 2752 aestimaturos.
755 2695 796 2748 29.
809 2693 910 2744 Omnia
