2048 3034
108 196 157 246 232
325 189 497 252 QUINTI
527 190 694 241 GURTll

107 297 185 358 belli,
205 294 280 360 quod
295 300 410 359 repente
426 300 525 356 ortum,
546 295 622 360 prius
635 300 727 342 tamen
742 291 848 344 finitum
858 300 914 358 est,

108 380 189 432 quam
201 362 316 413 Darium
326 360 484 413 Alexander
495 361 568 428 apud
577 359 679 410 Arbela
689 366 843 427 superaret.

157 431 191 482 ll.
212 429 267 482 Sed
286 435 317 480 ut
336 430 453 495 primum
472 427 641 479 instantibus
655 429 729 479 curis
743 427 853 480 laxatus
870 435 916 480 est

108 500 225 561 animus,
246 497 406 548 militarium
421 511 513 546 rerum
545 511 607 546 uam
625 495 727 562 quietis
743 495 850 562 otiique
866 512 913 563 pa-

106 567 235 627 tientior,
256 579 393 630 excepere
413 579 475 615 eum
497 513 668 630 voluptates:
690 569 719 613 et
738 578 819 630 quem
833 577 914 614 arma

107 633 255 684 Persarum
267 649 320 684 non
332 631 484 698 fregerant,
495 631 563 683 vitia
574 631 714 693 vicerunt;
742 631 766 680 2.
778 633 914 697 intempe-

106 703 178 752 stiva
189 701 330 763 convivia,
351 706 378 750 et
389 700 553 767 perpotandi
563 697 803 766 pervigilandique
814 699 915 750 insana

106 769 235 831 dulcedo,
257 767 380 834 indique,
400 774 428 817 et
441 781 542 834 greges
557 766 698 834 pellicum,
718 766 810 817 omnia
825 766 854 816 in
866 781 914 818 ex·

106 842 213 888 ternum
224 837 303 902 lapsa
313 849 428 886 neonem.
464 835 552 895 Quem
564 832 810 901 aemulatusquasi
820 835 914 900 potio·

105 917 163 955 rem
183 920 244 967 suo,
264 904 305 955 ita
323 903 496 969 popularium
516 902 624 952 animos
639 901 791 968 oculosque
806 901 915 968 pariter

107 972 239 1035 offendit,
259 978 290 1022 ut
299 986 316 1020 a
326 970 467 1037 plerisque
478 971 629 1020 amicorum
641 984 691 1036 pro
702 967 784 1020 hoste
794 966 913 1025 habere·

105 1047 158 1091 tur.
195 1039 219 1091 3.
239 1040 366 1090 Tenaces
377 1039 478 1104 quippe
489 1036 653 1103 disciplinae
664 1050 741 1098 suae,
752 1036 912 1104 solitosque

104 1123 190 1173 parco
211 1121 243 1156 ac
257 1105 376 1170 parabili
390 1106 463 1154 vieto
480 1105 513 1156 ad
525 1105 665 1170 implenda
674 1111 789 1155 naturae
800 1105 912 1156 deside-

104 1177 146 1226 ria
158 1171 281 1238 defungi,
301 1174 330 1222 in
340 1173 489 1238 peregrina
499 1179 527 1222 et
538 1171 709 1223 devictarum
719 1172 844 1240 gentium
855 1187 911 1224 ma-

104 1243 133 1292 la
143 1241 298 1306 impulerat.
333 1239 358 1290 4.
378 1239 451 1289 ilinc
465 1239 577 1306 saepius
592 1246 769 1306 comparatae
786 1241 815 1291 in
828 1245 913 1308 caput

105 1311 165 1360 eius
175 1305 309 1367 insidiae,
329 1307 455 1358 secessio
465 1307 592 1370 militum,
605 1317 634 1361 et
643 1308 759 1360 liberior
769 1307 845 1360 inter
854 1325 912 1360 mu·

105 1381 166 1426 tuas
178 1373 306 1441 querelas
319 1372 413 1424 dolor:
425 1374 514 1439 ipsius
526 1377 627 1426 deinde
638 1391 710 1428 nunc
719 1377 771 1439 ira,
782 1393 855 1428 nunc
866 1393 911 1428 su·

104 1443 255 1509 spiciones,
267 1456 335 1507 quas
346 1442 487 1500 excitabat
497 1443 671 1496 inconsultus
682 1460 781 1513 pavor:
803 1451 911 1496 cetera-

104 1525 157 1578 que
177 1508 221 1561 his
241 1510 354 1573 similia,
386 1525 457 1578 quae
479 1511 579 1563 deinde
599 1512 734 1565 dicentur.
770 1513 796 1562 5.
819 1512 922 1580 igitur,

104 1594 186 1646 quum
198 1579 401 1646 intempestivis
413 1579 547 1630 conviviis
562 1579 622 1630 dies
636 1580 742 1646 pariter
755 1584 910 1698 noctesque

104 1653 293 1710 consumeret3
314 1649 472 1698 satietatem
494 1647 637 1714 epularum
653 1645 726 1696 ludis
745 1645 857 1712 interpe
882 1662 911 1698 a·

103 1715 161 1766 bet:
182 1731 238 1766 non
249 1722 397 1766 contentus
407 1715 553 1778 artificum,
583 1729 634 1765 uos
646 1727 661 1764 e
673 1712 792 1764 Graecia
803 1715 910 1766 excita-

102 1788 189 1845 rerat,
201 1783 305 1848 turba3,
315 1785 416 1850 quippe
428 1785 554 1848 captivae
565 1731 728 1833 leminarum
739 1780 912 1834 iubebantur

103 1865 154 1902 suo
166 1851 221 1901 ritu
233 1866 342 1914 canere,
363 1851 535 1902 inconditum
547 1857 575 1901 et
587 1848 738 1900 abhorrens
749 1849 911 1918 peregrinis

102 1919 217 1968 auribus
237 1934 356 1971 carmen.
393 1919 418 1970 6.
437 1918 512 1969 lnter
527 1933 595 1984 quas
609 1933 690 1968 unam
706 1933 756 1968 rex
768 1918 830 1984 ipse
842 1933 910 1969 con·

102 1985 195 2052 spexit
214 1987 394 2036 moestiorem
415 2001 495 2051 quam
510 1992 628 2047 ceteras,
649 1991 677 2036 et
687 1985 910 2051 producentibus

102 2067 163 2104 eam
177 2053 334 2104 verecunde
348 2050 540 2102 reluctantem.
576 2053 724 2104 Excellens
735 2060 796 2104 erat
805 2052 911 2118 forma,

52 2167 55 2177 ,
102 2127 131 2170 et
142 2120 259 2172 formam
272 2120 361 2187 pudor
371 2117 548 2170 honestabatr
560 2119 677 2171 deiectis
687 2121 716 2172 in
726 2127 829 2171 terram
842 2137 911 2174 ocu·

101 2187 151 2250 lis,
170 2193 213 2248 ct,
235 2194 364 2255 quantum
383 2185 500 2249 licebat,
522 2202 571 2238 ore
590 2188 696 2250 velato,
716 2189 911 2254 suspicionem

101 2254 230 2321 praebuit
239 2257 309 2321 regi,
326 2253 493 2308 nobiliorem
506 2269 577 2318 esse,
593 2271 673 2322 quam
685 2262 716 2307 ut
726 2255 800 2307 inter
811 2258 910 2308 convi-

100 2320 178 2370 vales
198 2321 280 2372 ludos
299 2321 415 2372 deberet
435 2322 554 2374 ostendi.
589 2324 615 2374 t.
634 2325 910 2392 Ergointerrogata,

101 2401 236 2456 quaenam
247 2388 337 2440 essetl
351 2387 454 2455 neptim
466 2405 496 2442 se
509 2389 588 2454 Ochi,
599 2391 644 2459 qui
656 2407 743 2459 nuper
755 2399 910 2459 regnasset

98 2456 128 2506 in
140 2453 244 2518 Persis,
256 2457 315 2508 lilio
326 2457 386 2509 eins
397 2459 527 2524 genitam,
539 2473 602 2512 esse
613 2460 770 2525 respondit;
786 2474 909 2512 uxorem

99 2523 242 2589 Histaspis
252 2523 349 2576 luisse.
386 2524 562 2593 Propinquus
573 2525 618 2578 hic
628 2526 708 2578 Darii
721 2526 827 2590 luerat,
848 2543 908 2580 ma·

99 2592 146 2659 gni
159 2592 257 2656 etipse
269 2593 408 2643 exercitus
419 2601 540 2659 praetor.
577 2596 601 2645 8.
611 2592 707 2647 Adhuc
717 2595 745 2645 in
757 2596 851 2646 animo
861 2610 909 2648 re-

99 2659 142 2776 gis
154 2665 252 2710 tenues
263 2659 398 2728 reliquiae
409 2662 518 2726 pristini
529 2664 615 2713 moris
625 2660 786 2714 haerebant.
805 2663 909 2732 ltaque
928 2667 931 2673 '

111 2731 240 2777 emonam
255 2729 333 2796 regia
346 2728 433 2794 stirpe
448 2729 560 2795 genitae
574 2734 669 2780 ettam
679 2729 791 2781 celebre
801 2744 911 2784 nomen
