2054 3030
189 174 509 229 SUPPLEMENTA.
529 176 604 228 121ss.
623 178 659 228 l.¹'
673 177 758 230 CAP.
779 180 819 230 lo.
873 178 905 230 91

88 277 254 346 proelium,
274 293 361 344 neque
374 279 519 328 universus
530 281 671 329 exereitus
681 282 833 332 instructus
844 279 905 331 lue·
989 273 995 308 'l

89 351 164 408 rat,
190 347 383 411 opportunitas
404 347 464 396 aius
483 347 525 396 rei
546 359 560 395 e
580 346 705 397 manibus
726 349 830 398 amissa
850 354 902 400 ost.

90 415 141 468 20.
163 411 331 474 Alexander,
352 427 433 480 quam
454 427 517 462 uam
531 427 565 462 ea
577 427 621 463 res
639 415 768 478 opinione
780 415 902 466 Graeco·

90 495 164 530 rum
176 479 209 530 de
220 481 340 530 viatoria
351 428 532 530 concedentis
542 481 693 541 videretur,
709 497 827 547 corpora
838 497 903 533 suo·

90 563 173 607 rum,
180 547 227 613 qui
237 549 288 598 sub
297 549 366 614 ipsis
376 547 521 598 moenibus
533 548 718 615 oppetierant,
727 549 845 600 induciis
856 565 905 615 po·

92 613 215 664 stulatis
226 615 259 664 ab
269 613 350 666 hoste
361 622 498 680 repetere,
510 630 592 680 quam
602 613 747 664 inhumata
756 615 904 677 dimittere,

92 681 209 732 maluit.
245 683 286 733 21.
305 685 340 733 At
355 684 402 748 qui
416 697 477 732 aum
493 681 588 732 Parsis
603 688 695 743 erant,
715 679 858 746 Ephialtes
878 689 906 732 ei

94 747 297 815 Thrasybulus
306 748 501 810 Athenienses,
510 765 592 816 quum
602 750 664 815 plus
676 749 749 814 apud
758 750 835 814 ipsos
847 749 905 800 odi-

94 831 147 866 um
162 817 299 872 adversus
312 816 504 878 Macedonas,
525 831 606 882 quam
623 814 803 866 humanitatis
822 816 904 876 ratio,

94 883 223 945 valeret,
240 885 380 949 negabant
391 883 590 950 indulgendum
606 881 659 934 hoc
675 897 737 934 essa
756 882 905 933 infestissi-

94 951 154 1002 mis
165 949 303 1001 hostibus.
340 953 382 1000 22.
400 949 463 1000 Non
473 957 565 1000 tamen
577 956 772 1017 permoverunt
781 951 906 1001 Memno·

94 1032 180 1081 nem,
201 1018 267 1084 quin
282 1015 452 1068 Graecorum
466 1018 589 1070 moribus
600 1019 745 1086 indignum
757 1033 820 1068 esse
832 1018 906 1068 dioe-

93 1091 161 1146 ret,
183 1083 353 1150 sepulturam
370 1085 493 1136 inridere
511 1086 601 1137 eaesis
619 1084 758 1137 hostibus:
778 1087 862 1137 armis
879 1091 907 1136 et

93 1151 211 1204 viribus
232 1151 260 1200 in
278 1153 409 1202 adversos
425 1159 453 1203 et
468 1153 637 1204 obsistentes
651 1153 794 1215 utendum,
814 1167 905 1221 neque

96 1219 283 1272 contumeliis
293 1221 467 1288 pugnandum
478 1221 507 1271 in
517 1235 576 1282 eos,
598 1236 667 1288 quos
676 1221 758 1272 bonis
768 1223 905 1288 malisque

97 1289 209 1339 nostris
230 1303 281 1338 sua
296 1287 355 1338 dies
371 1289 530 1340 exemisset.
566 1288 607 1339 23.
631 1287 905 1355 Sanepraeteralias

98 1355 262 1408 Memnonis
282 1355 398 1406 virtutes
418 1357 502 1407 etiam
528 1357 684 1408 moderatio
705 1358 764 1408 eius
786 1357 905 1424 insignis

99 1423 166 1474 fuit.
204 1421 300 1489 Neque
311 1424 384 1473 enim
394 1438 444 1489 per
453 1423 613 1475 'vecordiam
624 1424 757 1475 conviciis
772 1426 907 1475 insectari

100 1489 213 1541 hostem
233 1488 377 1556 pulchrum
396 1491 526 1555 ducebat,
545 1492 596 1542 sed
608 1492 710 1543 virtute
730 1498 759 1542 et
779 1491 905 1543 consiliis

101 1559 178 1608 vires
189 1557 265 1608 illius
277 1559 438 1624 animosque
450 1559 629 1610 contundere.
665 1560 706 1608 24.
725 1558 814 1626 Igitur
824 1574 908 1627 quum

100 1625 254 1692 aliquando
274 1625 301 1674 in
322 1628 431 1692 agmine
446 1626 582 1692 quendam
597 1641 631 1676 ex
646 1628 825 1678 mercenariis
839 1642 907 1677 non·

103 1693 182 1744 nulla
191 1693 394 1743 contumeliose
410 1699 438 1742 et
452 1692 611 1758 petulanter
624 1693 652 1741 in
666 1691 853 1742 Alexandrum
868 1695 907 1743 ia-

104 1761 224 1812 cientem
240 1759 379 1820 audisset,
399 1773 535 1810 conversa
545 1757 625 1808 hasta
636 1757 906 1824 hominempulsans,

103 1843 160 1878 noa
170 1835 195 1877 te
205 1826 329 1889 tondeat,
346 1827 445 1892 inquit,
461 1834 491 1876 at
500 1824 668 1875 maledicerer
681 1823 845 1887 Alexandro,
863 1823 910 1876 ted

103 1902 136 1947 att
145 1895 269 1946 adversas
283 1894 358 1945 illum
368 1893 516 1944 dimicares.

157 1961 191 2014 X.
209 1963 319 2012 lnteroa
330 1963 439 2014 obsessi
449 1977 555 2014 summo
572 1961 665 2013 studio
681 1961 826 2013 securitati
841 1977 908 2013 suae

102 2027 295 2100 providentes,
315 2046 365 2096 pro
382 2030 473 2081 diruto
487 2045 566 2081 muro
587 2029 671 2080 alium
689 2029 853 2081 interiorem
875 2044 910 2080 ex

105 2097 288 2150 oootolatere
305 2099 469 2158 eduxerunt,
490 2113 545 2150 non
565 2104 643 2149 reeta
662 2099 789 2164 regione,
811 2096 862 2147 sed
881 2097 910 2147 in

104 2167 247 2218 nascentis
258 2166 340 2216 lunae
351 2166 467 2232 figuram
481 2167 630 2217 sinuatum:
653 2179 741 2232 eaque
753 2179 810 2226 res,
827 2179 910 2230 quum

104 2237 180 2286 inter
188 2233 292 2283 multos
303 2233 480 2284 distributum
489 2248 587 2284 munus
598 2239 681 2295 esset,
690 2231 835 2283 celerrime
845 2247 910 2284 con-

105 2301 183 2354 fecta
193 2307 244 2351 est.
274 2303 298 2350 2.
315 2301 397 2351 Hune
409 2315 515 2350 murum
524 2301 682 2352 Alexander
691 2304 804 2365 postero
816 2303 911 2353 statim

107 2369 155 2421 die
168 2367 302 2419 machinis
318 2383 449 2435 quassare
465 2369 573 2436 coepit,
595 2383 649 2434 quo
667 2367 776 2418 minore
794 2371 909 2436 negotio

106 2450 208 2488 reeens
218 2435 309 2487 adhuc
320 2451 388 2502 opus
400 2433 592 2487 labefactaret.
627 2435 658 2485 ln
670 2450 704 2485 eo
718 2434 814 2486 labore
830 2451 911 2488 oocu-

107 2503 183 2574 patis
192 2501 403 2565 Macedonibus,
415 2504 514 2555 iterum
525 2518 560 2554 ex
569 2502 637 2553 urbe
648 2503 741 2553 valida
751 2504 859 2569 eruptio
869 2501 910 2552 fa-

108 2577 156 2623 cta
166 2575 221 2620 est:
243 2571 424 2637 metiumque,
445 2571 544 2636 quibus
556 2585 642 2637 opera
652 2571 826 2638 tegebantur,
845 2584 911 2619 non·

107 2637 189 2700 nihil,
209 2640 327 2689 etunius
337 2640 421 2688 turris
432 2639 544 2706 ligneae
553 2643 660 2704 partem
669 2637 778 2689 flamma
788 2649 912 2700 compre·
935 2645 937 2652 ’

108 2706 216 2758 hendit.
257 2706 281 2758 3.
303 2705 345 2758 Ne
356 2706 391 2756 ad
402 2711 497 2757 cetera
508 2721 593 2773 opera
602 2707 735 2758 transiret
743 2701 912 2758 incendium.
