2082 3042
298 205 443 262 LIBER
464 208 529 260 Vll.
553 208 647 261 GAP.
673 208 697 260 t.
852 210 903 260 287

99 311 182 373 mitti3
203 312 360 378 solutisque
374 309 470 361 fasciis
484 309 702 378 magnitudinem
711 309 835 362 vulneris
845 311 902 364 dis·

98 377 241 442 simulans,
252 394 315 430 crus
326 379 450 430 barbaris
462 375 594 428 ostendit.
631 376 655 426 6.
674 377 717 427 Illi
727 378 797 430 iussi
808 380 900 432 cousi·

98 446 164 498 dere
174 445 320 509 affirmant,
340 461 394 496 non
404 445 585 506 Macedonas,
607 443 689 510 quam
702 445 789 510 ipsos,
810 445 899 514 luisse
933 449 934 454 ’

96 513 238 564 tristiores
249 514 362 581 cognito
373 513 487 563 vulnere
497 512 600 579 ipsius:
623 511 701 561 cuius
717 513 742 561 si
756 519 899 566 auctorem

95 581 275 647 reperissent,
286 581 430 632 dedituros
440 580 541 642 luisse3
553 578 682 630 oumDiis
694 580 767 628 enim
776 594 900 646 pugnare

96 647 249 723 sacrilegos
269 654 384 699 tantum.
419 648 445 698 ’1.
465 649 595 698 Ceterum
609 659 640 696 se
658 651 768 717 gentem
778 647 808 696 in
817 647 900 700 iidem

96 714 209 778 dedere,
228 721 374 782 superatos
384 717 487 765 virtute
500 714 586 764 illius.
622 713 692 774 Rex,
711 711 766 762 lide
779 713 852 776 data,
872 723 901 766 et

96 782 212 848 captivis
222 784 352 850 receptis,
375 787 487 850 gentem
497 783 526 831 in
537 779 709 831 deditionem
721 781 837 847 accepit.
874 782 899 834 8.

96 850 201 902 Castris
211 850 277 902 inde
287 849 381 911 motis,
400 849 503 900 lectica
516 847 631 898 militari
645 846 797 910 ferebatur,
837 863 900 902 uam

93 931 143 982 pro
163 932 194 968 se
214 919 333 984 quisque
353 931 439 984 eques
460 915 600 983 pedesque
621 915 715 965 subire
740 863 899 968 certabant:

94 984 213 1050 equites,
224 1000 286 1034 cum
297 983 396 1051 quibus
405 998 456 1033 rex
466 982 575 1048 proelia
585 982 656 1032 inire
668 983 768 1033 solitus
780 989 850 1046 erat,
856 983 900 1035 sui

92 1053 215 1102 muneris
235 1051 265 1102 id
284 1065 347 1102 esse
369 1050 531 1102 censebant:
560 1049 670 1115 pedites
690 1056 797 1114 contra,
816 1067 900 1118 quum

92 1118 206 1168 saucios
217 1118 421 1170 commilitones
431 1119 485 1184 ipsi
493 1123 604 1186 gestare
616 1119 819 1182 adsuevissent,
829 1119 901 1185 eripi

92 1185 148 1236 sibi
166 1186 309 1252 proprium
327 1186 448 1236 odicium
468 1192 526 1237 tum
546 1185 732 1252 potissimum,
755 1201 838 1253 quum
848 1201 900 1240 rex

91 1253 244 1320 gestandus
255 1260 339 1316 esset,
346 1255 540 1320 querebantur.
559 1251 583 1304 t.
596 1254 787 1317 Rex,iu·tanto
798 1254 900 1306 utrius·

91 1334 146 1388 que
157 1321 245 1386 partis
256 1323 417 1383 certamine,
429 1328 457 1372 et
466 1321 521 1373 sibi
532 1321 688 1384 difficilem,
700 1328 729 1372 et
738 1323 900 1388 praeteritis

90 1403 203 1456 gravem
213 1389 380 1442 electionem
390 1388 512 1442 futuram
522 1390 732 1453 ratus‚invicem
743 1390 837 1441 subire
847 1405 898 1441 eos

88 1457 181 1507 iussit.
218 1458 259 1507 lo.
277 1457 351 1508 Hinc
372 1465 470 1522 quarto
492 1457 538 1507 die
558 1457 593 1507 ad
611 1457 708 1507 urbem
727 1457 899 1509 Maracanda

88 1530 253 1589 perventum
265 1530 316 1574 est.
351 1523 431 1573 LXX
445 1523 536 1573 stadia
550 1538 644 1573 murus
660 1523 738 1574 urbis
753 1525 896 1588 amplecti-

88 1597 147 1641 tur:
170 1604 220 1640 arx
229 1590 285 1640 alio
297 1591 419 1656 cingitur
427 1604 516 1640 muro.
552 1588 594 1639 Ac
605 1589 747 1655 praesidio
759 1590 822 1641 urbi
832 1592 899 1642 reli-

13 1657 14 1662 ’
89 1663 147 1719 eto,
159 1657 303 1723 proximos
313 1657 391 1706 vicos
402 1654 587 1771 depopulatur
595 1662 680 1721 atque
690 1657 754 1706 urit.
792 1659 832 1708 11.
844 1657 897 1708 Le-

89 1725 150 1794 gati
160 1723 262 1775 deinde
272 1723 404 1773 Abiorum
411 1722 480 1790 Scyt
499 1737 576 1773 arum
585 1723 793 1788 superveniunt3
804 1723 897 1787 liberi,

89 1808 126 1844 ex
136 1805 192 1860 quo
203 1791 366 1843 decesserat
375 1791 478 1858 cyrus3
494 1795 552 1840 tum
562 1790 699 1855 imperata
708 1787 819 1840 facturi.
855 1791 897 1842 lu-

88 1860 231 1912 stissimos
240 1857 423 1910 barbarorum
435 1856 595 1908 constabat:
616 1856 700 1907 armis
711 1856 896 1920 abstinebant,

87 1927 144 1979 nisi
154 1927 292 1978 lacessiti:
312 1926 451 1977 libertatis
462 1925 574 1976 modico
588 1931 616 1975 et
625 1924 736 1990 aequali
747 1940 812 1986 usu,
823 1926 896 1992 prin·

88 1995 199 2062 cipibus
211 1991 375 2045 humiliores
385 2008 467 2060 pares
478 1991 614 2044 fecerant.
652 1993 692 2042 12.
703 1991 766 2043 llos
775 1991 896 2059 benigne

86 2063 237 2124 allocutus,
258 2062 293 2112 ad
313 2076 362 2112 eos
383 2058 580 2130 Scythas,.qui
598 2061 738 2126 Europam
760 2060 896 2124 incolunt,

85 2129 223 2181 Penidam
234 2128 371 2196 quendam
380 2131 457 2180 misit
470 2144 505 2186 ex
518 2130 627 2190 amicis,
648 2130 695 2194 qui
715 2127 892 2178 denuntiaret

86 2199 138 2260 eis,
158 2212 194 2249 ne
205 2197 322 2248 Tanaim
338 2211 445 2247 amnem
461 2197 587 2263 regionis
600 2196 708 2246 iniussu
718 2196 795 2261 regis
805 2201 894 2246 trans-

84 2266 169 2316 irent.
193 2264 293 2316 Eidem
303 2265 469 2325 mandatum‚
481 2270 511 2313 ut
521 2263 757 2328 contemplaretur
767 2262 891 2314 locorum

84 2335 183 2396 situm3
195 2339 223 2384 et
232 2333 299 2383 illos
311 2345 421 2398 quoque
434 2328 563 2397 Scythas,
575 2332 622 2398 qui
633 2327 890 2396 superBosplroron

80 2400 221 2463 incolunt,
240 2401 354 2452 viseret.
392 2399 431 2450 13.
451 2398 619 2450 Condendae
631 2397 693 2448 urbi
704 2397 797 2447 sedem
809 2413 892 2465 super

80 2469 175 2535 ripam
184 2468 287 2519 Tanais
299 2468 427 2533 eligeret,
450 2465 601 2516 claustrum
618 2467 710 2515 etiam
721 2465 890 2530 perdomito-

81 2551 155 2599 rum,
168 2541 196 2587 et
205 2550 275 2602 quos
287 2534 387 2585 deinde
398 2535 476 2584 adire
487 2534 658 2583 decreverat·
679 2532 734 2584 Sed
745 2535 892 2584 consilium

83 2603 198 2654 distulit
217 2602 423 2669 Sogdianorum
442 2600 569 2652 nuntiata
588 2599 723 2662 defectio,
750 2615 820 2668 quae
840 2601 891 2650 Ba·

83 2674 210 2724 ctrianos
221 2684 332 2737 quoque
343 2670 437 2720 traxit.
457 2669 497 2718 14.
509 2667 560 2719 Vll
569 2669 659 2719 millia
671 2669 792 2735 equitum
804 2675 891 2730 erant,

13 2743 14 2764 ³
83 2754 204 2806 quorum
215 2737 411 2788 auctoritatem
422 2738 508 2789 ceteri
521 2738 716 2806 sequebantur.
736 2735 891 2788 Alexander
