2048 3034
286 221 431 273 LIBER
457 223 504 275 lV.
533 223 626 274 GAP.
654 225 695 274 15.
825 220 889 272 λ185

86 323 249 386 miscuerat,
263 323 439 378 dimicabant.
468 325 510 380 23.
523 323 587 374 Duo
599 325 791 390 regesiunctis
803 337 890 391 prope

85 391 247 457 agminibus
257 391 392 456 proelium
404 392 597 442 accenderant.
624 391 722 442 Plures
733 393 836 442 Persae
847 407 890 443 ca·

85 457 203 508 debant:
222 473 272 523 par
282 457 370 509 ferme
382 461 519 524 utrimque
535 473 665 509 numerus
684 459 888 511 vulnerabatur.

83 525 129 576 24.
140 527 228 576 curru
238 525 348 588 Darius,
359 527 516 578 Alexander
527 541 599 592 equo
609 524 773 576 vehebatur:
789 533 890 577 utrum-

1 629 2 651 ,
85 607 143 660 que
154 592 256 642 delecti
266 593 422 655 tuebantur,
434 593 476 644 sui
489 595 675 643 immemores.
693 592 800 658 Quippe
810 597 891 644 amis·

1 686 2 699 .
86 675 121 710 so
132 673 201 725 rege
211 674 261 709 nec
272 661 404 711 volebant
413 661 484 710 salvi
494 675 567 722 esse,
586 675 637 712 uec
648 666 786 726 poterant.
821 661 890 710 Ante

1 725 2 779 ἐ
87 726 371 795 oculossoiqnisque
387 728 463 792 regis
485 735 603 778 mortem
624 727 789 779 occumbere
810 727 891 777 duce·

84 794 155 844 baut
165 797 318 862 egregium.
347 795 389 844 25.
406 795 558 847 Maximum
568 801 660 844 tamen
670 794 824 860 perieulum
834 793 892 844 adi·

86 861 163 922 bant,
185 876 255 929 quos
275 862 397 912 maxime
416 861 578 920 tuebantur·;
598 861 762 928 qnippesibi
774 861 891 927 quisque

86 929 163 978 caesi
174 929 252 994 regis
263 928 412 992 expetebat
422 929 516 979 decus.
551 927 592 978 26.
613 927 752 990 Ceterum,
773 929 831 978 sive
851 927 891 977 lu·

85 995 209 1046 dibrium
229 995 383 1056 oculorum,
403 996 461 1045 sive
480 1009 548 1046 vera
562 998 670 1061 species
682 995 744 1057 fuit,
759 996 805 1060 qui
817 995 893 1045 circa

83 1062 276 1114 Alexandrum
288 1067 374 1124 erant,
385 1062 489 1114 vidisse
501 1077 532 1114 se
548 1063 726 1114 crediderunt
741 1062 891 1128 paullulum

83 1143 174 1196 super
186 1134 269 1192 caput
277 1129 353 1195 regis
363 1129 471 1195 placide
481 1132 621 1181 volantem
631 1131 761 1198 aquilam,
781 1145 837 1181 non
847 1145 892 1181 so·
933 1163 936 1169 -

82 1199 148 1248 nitu
158 1210 307 1258 armorum,
317 1211 370 1247 non
382 1199 486 1263 gemitu
497 1198 673 1249 morientium
684 1199 820 1249 territam:
833 1197 892 1248 diu·

83 1279 142 1332 que
153 1263 229 1313 circa
240 1278 337 1328 equum
345 1264 503 1327 Alexandri,
511 1265 642 1331 pendenti
652 1267 740 1334 magis
752 1271 834 1333 quant
843 1279 891 1316 vo·

84 1332 158 1382 lanti
169 1330 279 1392 similis,
300 1333 434 1398 apparuit.
470 1335 512 1384 27.
533 1334 615 1383 Certe
630 1341 708 1384 vates
719 1333 890 1395 Aristander,

84 1399 152 1450 alba
160 1403 239 1448 veste
250 1397 373 1459 indutus,
384 1407 412 1450 et
422 1401 520 1452 dextra
529 1399 690 1467 praeferens
701 1401 890 1463 lauream,mi-
985 1422 987 1426 ·

84 1466 185 1518 litibus
198 1466 229 1515 in
244 1481 364 1532 pugnam
383 1468 498 1518 intentis
518 1483 596 1520 arem
615 1469 796 1530 monstrabat,
817 1467 891 1518 haud
970 1489 973 1492 ·

87 1533 202 1584 dubium
215 1533 351 1583 victoriae
366 1536 528 1600 auspicium.
564 1537 606 1586 28.
626 1536 726 1602 lugens
746 1547 814 1601 ergo
835 1535 891 1586 ala·

87 1602 173 1652 critas
185 1605 214 1650 et
223 1600 326 1651 fiducia
336 1601 430 1666 paullo
442 1609 505 1652 ante
515 1604 630 1653 territos
646 1597 774 1653 accendit
794 1602 829 1653 ad
844 1619 891 1670 pu·

87 1683 183 1736 gnam:
194 1668 291 1734 utique
301 1675 446 1733 postquam
458 1671 556 1736 auriga
565 1669 655 1730 Darii,
667 1671 790 1736 quiante
800 1672 892 1736 ipsum

88 1734 191 1786 sedens
203 1748 291 1801 equos
302 1735 427 1801 regebat,
439 1733 520 1786 hasta
529 1737 678 1786 transfixus
690 1742 741 1786 est.
773 1734 832 1786 Nec
844 1741 892 1788 aut

1 1838 2 1841 κ
86 1803 193 1853 Persae
205 1808 253 1852 aut
262 1801 433 1852 Macedones
444 1802 619 1863 dubitavere,
641 1803 707 1868 quin
717 1805 779 1868 ipse
789 1815 840 1851 rex
848 1816 893 1852 es·

87 1875 133 1921 set
145 1871 264 1920 occisus.
300 1868 341 1919 29.
360 1869 435 1936 Ergo
451 1869 563 1936 lugubri
576 1870 682 1920 ululatu
702 1877 730 1918 et
748 1868 891 1918 incondito

87 1938 212 1989 clamore
232 1938 393 2004 gemituque
413 1944 500 1987 totam
520 1936 580 1987 fere
595 1939 682 1987 aciem
699 1934 789 1987 adbuc
802 1946 892 2002 atquo

85 2005 180 2056 Marte
191 2005 371 2071 pugnantium
381 1997 530 2056 turbav'ere
542 2006 654 2072 cognati
667 2005 745 2055 Darii
757 2009 794 2067 „et
813 2005 894 2054 armi-

87 2073 163 2140 geri:
182 2071 318 2139 laevoque
329 2078 440 2123 tuentes
451 2087 547 2136 cornn,
559 2074 588 2124 in
599 2071 796 2140 fuganteffusi,
808 2072 893 2122 desti·

1 2183 2 2194 .
85 2147 200 2191 tuerent
211 2152 333 2190 currumt
352 2141 658 2207 quemadextraparte
674 2141 770 2208 stipati
790 2141 818 2192 in
838 2151 893 2188 me-

87 2209 164 2258 dium
175 2221 275 2274 agmen
285 2213 460 2274 receperunt.
488 2209 529 2259 3⁰.
548 2208 659 2260 Dicitur
670 2210 783 2258 acinace
795 2207 892 2258 stricto
919 2255 925 2270 .

86 2275 193 2326 Darius
212 2273 373 2336 dubitasse„
385 2291 419 2325 an
439 2273 523 2341 fugae
543 2276 665 2327 dedecus
675 2273 794 2326 honesta
805 2280 892 2331 morte

86 2344 200 2392 vitaret.
238 2339 293 2394 Sed
305 2343 428 2392 eminens
439 2357 522 2393 curru
531 2343 651 2396 nondum
662 2356 770 2392 omnem
781 2357 893 2393 suorum
921 2340 923 2344 ’

88 2411 181 2460 aciem
196 2409 305 2475 proelio
328 2409 509 2461 excedentem
529 2409 893 2464 destituereembescebat.

87 2478 130 2528 31.
151 2475 224 2526 Dum
234 2477 331 2527 intera
353 2492 394 2528 em
407 2483 435 2528 et
446 2476 669 2543 desperationem
682 2475 811 2541 haesitat,
831 2493 892 2529 sen·

86 2546 140 2596 sim
152 2541 257 2594 Persae
269 2494 415 2606 reddunt,
428 2551 456 2594 et
466 2546 628 2596 laxaverant
638 2545 758 2597 ordines.
776 2545 893 2598 Alexan-

87 2613 147 2676 der,
169 2617 277 2664 mutato
289 2627 372 2678 equo,
392 2614 506 2679 (quippe
518 2613 611 2679 plures
621 2611 809 2694 fatigaverat)
824 2611 893 2662 resi·

86 2679 222 2732 utentium
235 2679 353 2730 adversa
363 2694 413 2730 ora
422 2678 558 2741 fodiebat,
569 2679 734 2747 fugientrum
744 2688 787 2732 ter
808 2695 834 2730 a.
851 2678 892 2728 32.

1 2765 4 2816 χ
86 2747 203 2814 lamque
223 2761 279 2796 non
299 2761 400 2813 pugna,
420 2748 470 2799 sed
490 2748 592 2800 caedes
606 2755 679 2811 erat;
698 2763 781 2815 quum
819 2745 894 2796 arius
