2054 3030
103 170 154 220 llo
318 168 488 228 QUINTI
516 169 681 220 CURTll

102 269 224 336 experiri
243 271 396 320 necessitas
416 270 546 338 cogebat:
576 271 676 338 quippe
718 286 782 320 uum
803 271 925 336 primas

102 351 166 405 spes
176 333 289 386 fortuna
306 336 442 400 destituit,
464 337 557 388 futura
570 339 710 406 praesenti
731 353 762 386 us
778 338 924 390 videntur

102 419 165 455 esse
177 403 296 469 potiora.
332 406 343 455 l
365 408 421 456 itur
430 406 612 466 conclamant,
624 410 747 466 duceret,
763 420 821 470 quo
832 407 920 458 vide—

101 476 187 523 retur.
222 472 311 537 Atque
321 420 370 522 ilfa
381 474 512 523 utendum
524 472 701 535 animis,dum
712 486 761 537 spe
773 471 918 536 calerent,

101 546 188 602 ratus,
201 539 236 589 ad
250 539 356 590 Pelusii
372 541 472 590 ostium
488 545 628 605 penetrat,
643 538 775 590 simulans
792 555 809 588 a
820 539 919 592 Dario
1011 562 1012 565 ¹

102 623 132 658 se
143 621 206 658 csse
217 609 406 672 praemissum.
440 607 481 657 30.
494 607 603 658 Potitus
614 621 681 673 ergo
694 604 810 668 Pelusii,
822 608 917 659 Mem-

102 674 174 743 phim
186 677 282 743 copias
292 674 443 742 promovit:
460 674 494 724 ad
506 675 583 724 cuius
595 673 696 724 famam
708 675 852 740 Aegyptii,
865 691 915 726 va-

101 760 136 794 ua
147 759 227 812 gens,
246 749 273 794 et
283 741 418 793 novandis
430 757 510 807 quam
523 741 652 808 gerendis
664 743 757 806 aptior
766 742 863 804 rebus,
877 757 916 796 ex

100 814 158 863 suis
173 814 274 878 quique
290 811 359 860 vicis
373 809 543 874 urbibusque
562 806 665 858 adhoc
681 809 771 874 ipsum
791 824 916 860 concur·

100 886 171 942 runt,
193 877 312 929 delenda
330 877 472 942 praesidia
486 875 642 926 Persarum.
679 875 733 936 Qui
746 876 849 940 territi,
870 885 915 928 ta-
1012 871 1013 874 ’

99 963 163 998 rnen
176 960 252 1012 spem
270 943 415 994 obtinendi
427 945 583 1009 Aegyptum
596 957 651 992 non
668 943 829 995 amiserunt.
866 945 913 996 31.

101 1015 156 1066 Sed
171 1028 221 1064 eos
235 1011 370 1078 Amyntas
384 1010 492 1076 proelio
504 1015 663 1076 superatos,
684 1011 713 1061 in
723 1011 821 1062 urbem
833 1027 913 1064 corn*

98 1083 192 1150 pellit3
213 1081 368 1144 castrisque
390 1078 504 1143 positis,
533 1078 655 1128 victores
676 1079 709 1129 ad
729 1078 914 1146 populandos

99 1165 183 1218 agros
196 1146 302 1197 eduxit:
316 1159 349 1194 ac
358 1145 435 1194 velut
444 1145 472 1193 in
483 1144 575 1194 medio
588 1145 689 1210 positis
702 1145 839 1209 omnibus,
858 1145 913 1198 bo·

99 1218 182 1268 stium
194 1219 292 1264 cuncta
305 1212 466 1278 agebantur.
491 1213 532 1262 32.
552 1212 649 1278 ltaque
660 1214 800 1276 Mazaces,
812 1229 912 1281 quam·

99 1297 180 1350 quam
194 1279 302 1330 infelici
322 1279 430 1345 proelio
451 1295 564 1329 suorum
584 1281 691 1330 animos
710 1281 826 1332 territos
843 1297 913 1332 esse

98 1353 280 1416 cognoverat,
301 1351 393 1396 tamen
412 1346 537 1411 palantes
553 1353 581 1396 et
595 1348 731 1398 victoriae
748 1349 852 1399 fiducia
865 1351 910 1400 in-

99 1425 196 1468 cautos
217 1420 372 1476 ostentans,
393 1414 526 1479 perpulit,
549 1429 582 1464 ne
603 1414 762 1466 dubitarent
782 1430 817 1466 ex
837 1417 914 1468 urbe

99 1497 251 1550 erumpere,
269 1489 296 1532 et
309 1496 355 1531 res
370 1482 485 1532 amissas
497 1497 673 1548 recuperare.
710 1483 751 1534 33.
772 1483 802 1532 ld
814 1485 911 1534 consi-

96 1553 165 1602 lium
185 1566 240 1602 uon
260 1550 369 1600 ratione
384 1549 557 1616 ¹prudentius,
574 1565 655 1616 quam
675 1559 775 1601 eventu
792 1550 909 1603 felicius

97 1621 158 1670 fuit.
195 1617 235 1668 Ad
254 1633 338 1668 unum
358 1632 453 1667 omnes
468 1633 529 1668 cum
550 1619 612 1684 ipso
635 1618 704 1668 duce
725 1618 812 1668 occisi
831 1627 911 1671 sunt.

96 1689 155 1738 Has
166 1701 271 1754 poenas
283 1685 418 1753 Amyntas
429 1686 539 1752 utrique
550 1687 611 1753 regi
624 1685 710 1746 dedit,
716 1685 804 1736 nihilo
815 1687 911 1754 magis

97 1759 132 1816 ei,
151 1757 187 1807 ad
198 1770 278 1821 quem
288 1752 486 1820 transfugerat,
498 1754 579 1817 fidus,
594 1769 676 1820 quam
686 1754 741 1815 illi,
762 1768 843 1820 quem
860 1755 908 1804 dc·

97 1833 231 1876 secuerat.
267 1821 308 1874 34.
330 1822 406 1872 ilarii
419 1829 576 1888 praetores,
598 1822 645 1887 qui
661 1821 769 1888 proelio
782 1822 856 1886 apud
869 1823 909 1872 ls-

96 1907 147 1942 son
166 1889 369 1957 superfuerant,
391 1905 452 1940 curn
471 1891 546 1940 omni
560 1904 654 1951 manu,
675 1904 745 1955 quae
762 1889 907 1957 fugientes

96 1965 193 2011 secuta
213 1964 282 2017 erat,
302 1963 426 2007 assumta
440 1959 523 2006 etiam
537 1957 731 2022 Cappadocum
747 1962 776 2007 et
786 1955 922 2022 Paphla·
1012 1991 1013 1998 η

96 2042 197 2093 ganum
208 2027 361 2085 iuventute,
373 2024 491 2090 Lydiam
507 2038 674 2090 recuperare
685 2025 839 2075 tentabant.
861 2024 903 2075 35.

95 2095 258 2162 Antigonus,
271 2091 551 2160 praetorAlexandri,
567 2091 675 2158 Lydiae
687 2098 829 2158 praeerat:
846 2094 903 2158 qui,

114 2177 259 2228 uamquam
270 2161 419 2227 plerosque
429 2159 547 2209 militum
558 2174 593 2210 ex
601 2160 747 2226 praesidiis
760 2159 794 2210 ad
807 2173 903 2226 regem

95 2178 251 2289 dimiserat,
273 2236 378 2289 tamen,
397 2225 523 2277 barbaris
544 2228 659 2293 spretis,
679 2228 707 2276 in
727 2229 814 2278 aciem
835 2241 904 2277 suos

95 2295 199 2344 eduxit.
235 2295 340 2345 Eadem
359 2294 420 2344 illic
440 2309 550 2361 quoque
569 2293 683 2344 fortuna
696 2295 816 2360 partium
834 2293 902 2354 fuit3

93 2361 183 2412 tribus
204 2362 320 2425 proeliis
339 2362 396 2412 alia
415 2368 497 2429 atque
521 2363 577 2411 alia
595 2362 712 2428 regione
734 2361 904 2422 commissis,

93 2428 197 2478 Persae
212 2426 371 2480 funduntur.
408 2427 449 2478 36.
469 2429 575 2480 Eodem
589 2435 714 2494 tempore
729 2429 828 2480 classis
843 2429 902 2478 Ma-

94 2495 240 2556 cedonum,
257 2509 290 2545 ex
309 2495 430 2546 Graecia
447 2497 546 2558 accita,
566 2496 784 2558 Aristomenem,
805 2497 853 2564 qui
867 2495 903 2545 ad

91 2562 272 2628 Hellesponti
284 2577 360 2612 oram
370 2563 586 2628 recuperandam
599 2564 705 2613 aDario
718 2569 779 2614 erat
789 2567 901 2624 missus,

92 2632 181 2694 captis
194 2631 253 2679 eius
264 2634 312 2678 aut
322 2628 457 2680 demersis
470 2630 585 2679 navibus
600 2637 720 2694 superat.
757 2631 798 2682 31.
812 2633 835 2681 A
849 2629 902 2682 Mi·

92 2696 172 2748 lesiis
184 2695 285 2746 deiude
297 2693 493 2746 Pharnabazus
504 2696 663 2762 praefectus
678 2696 812 2748 Persicae
832 2699 891 2748 clas
