2082 3042
106 201 158 249 274
323 195 495 257 ooler
523 195 687 248 cua'rli

105 301 140 350 ad
152 299 255 349 aditum
265 301 386 349 nemoris
399 297 579 360 adstiterant,
590 298 704 364 cognita
713 296 810 356 caede,
827 296 912 346 cuius

104 381 190 416 causa
200 366 391 432 ignorabatur,
399 366 427 415 in
438 371 530 416 castra
539 366 712 430 perveniunt,
719 370 748 414 ct
756 363 909 414 tumultuo-

103 449 136 486 so
147 435 243 484 nuntio
253 433 357 485 milites
368 433 516 484 concitant.
535 432 576 482 29.
587 432 632 482 llli
644 432 743 482 armati
753 431 788 481 ad
798 445 913 493 nemus,

102 501 131 550 iu
142 515 197 567 quo
207 507 368 566 perpetrata
380 500 480 550 caedes
491 506 559 560 erat,
572 503 685 549 coeunt:
697 505 734 560 et,
745 499 773 548 ni
784 497 913 564 Polyda--

102 581 161 618 mas
182 569 324 634 ceterique
344 567 466 618 eiusdem
481 581 572 617 noxae
589 567 741 632 participes
759 565 913 628 dedantur,

100 649 208 686 murum
229 635 427 686 circumdatum
446 635 555 684 nemori
569 648 715 685 eversuros
733 633 914 694 denuntiant,

102 703 279 769 omniumque
290 703 424 768 sanguine
436 701 501 752 duci
509 707 715 768 parentatums.
751 702 793 751 3⁰.
807 699 909 750 Clean-

101 769 151 820 der
161 771 299 838 primores
314 784 410 820 eorum
424 769 574 820 intromitti
585 769 676 831 iubet3
695 769 848 834 literaeque
863 781 909 817 re·

100 840 144 904 gis
156 838 274 904 scriptas
285 837 320 887 ad
328 837 431 888 milites
442 837 550 898 recitat,
561 837 659 904 quibus
669 835 910 888 insidiaeParme·

100 906 193 972 aionis
214 905 243 954 in
261 919 366 971 regem,
387 919 550 972 precesque,
570 909 601 954 ut
616 904 706 970 ipsum
719 902 907 964 vindicarent,

101 974 324 1024 continebantur.
360 972 400 1022 31.
418 972 507 1038 Igitur
526 972 640 1038 cognita
658 972 734 1038 regia
750 969 908 1031 voluntate,

66 1085 67 1092 ,
100 1055 157 1090 non
169 1040 280 1108 quidem
289 1039 456 1112 indignatio,
468 1039 518 1090 aed
527 1045 620 1090 tamen
630 1039 732 1090 seditio
744 1051 909 1102 compressa

101 1108 154 1158 e'st.
189 1107 313 1172 Dilapsis
343 1107 449 1156 iuribus
460 1107 542 1172 pauci
551 1111 753 1168 remanserunt,
774 1105 830 1170 qui,
851 1103 908 1154 sal-

98 1181 156 1225 tem
166 1180 198 1224 nt
207 1187 307 1238 corpus
318 1123 406 1238 ilmina
417 1175 537 1240 sepelire
549 1170 907 1240 permitterentprccaban·

98 1249 153 1292 tur.
171 1269 173 1274 ·
189 1241 230 1290 32.
249 1239 306 1290 Diu
316 1240 345 1289 id
355 1241 485 1306 negatum
497 1247 549 1302 est,
569 1241 699 1292 Cleandri
714 1247 798 1304 metu,
817 1255 852 1290 ne
865 1237 907 1290 of-

99 1308 230 1360 fenderet
247 1321 352 1373 regem.
398 1307 572 1358 Pertinacius
593 1308 693 1359 deinde
716 1305 907 1376 precantibus,

100 1374 246 1424 materiam
257 1374 492 1426 consternationis
502 1373 717 1428 subtrahendam
727 1384 817 1436 ratus,
831 1375 908 1440 capi-

100 1451 129 1492 te
145 1441 241 1498 deciso
256 1447 383 1492 truncum
400 1440 514 1493 humare
527 1443 661 1508 permisit.
696 1444 743 1494 Ad·
755 1457 850 1510 regem
862 1457 907 1494 ca·

100 1515 151 1576 put
170 1509 284 1560 missum
304 1516 355 1560 est.
391 1511 432 1562 33.
451 1509 507 1560 llic
524 1512 614 1561 exitus
629 1510 822 1562 Parmenionis
841 1508 906 1570 fuit,

99 1575 220 1627 militiae
231 1577 360 1644 domique
373 1578 441 1629 clari
452 1578 513 1628 viri.
542 1577 632 1628 Multa
641 1579 701 1630 sine
712 1593 779 1645 rege
808 1591 907 1642 rospe·

98 1659 144 1708 re,
161 1659 212 1695 rex
226 1646 286 1694 siue
296 1645 347 1697 illo
358 1643 428 1696 nihil
437 1659 483 1695 ma
503 1659 554 1695 nae
564 1645 606 1695 rei
616 1652 752 1712 gesserat:
787 1594 908 1696 leucis-

101 1713 173 1762 simo
188 1713 259 1780 regi,
280 1718 308 1763 et
328 1714 421 1764 omnia
435 1714 471 1764 ad
483 1660 613 1764 lantonae
628 1727 695 1764 suae
709 1713 834 1780 exigenti
847 1726 909 1762 mo·

102 1781 175 1842 dum,
186 1779 333 1832 satisfecit.
369 1780 448 1831 LXX
457 1787 538 1832 natus
548 1794 645 1856 apuos,
658 1780 766 1834 iuvenis
777 1780 866 1841 ducis,
879 1784 909 1830 et

102 1863 186 1914 saepe
207 1849 291 1899 etiam
310 1850 434 1916 gregarii
452 1848 549 1899 militis
568 1848 662 1898 munia
680 1847 816 1913 explevit:
841 1860 908 1896 acer

102 1916 232 1977 consilio,
251 1931 333 1966 manu
353 1923 493 1978 strenuus,
514 1929 594 1965 carus
615 1915 800 1982 principibus,
819 1913 908 1981 vulgo

101 1983 219 2034 militum
239 1983 389 2048 acceptior.
426 1983 467 2050 ill.
496 1982 576 2032 llaec
593 1981 755 2048 impulerint
771 1982 852 2032 illum
871 1981 908 2032 ad

102 2051 182 2118 regni
202 2049 394 2114 cupiditatem,
419 2063 454 2098 an
472 2054 579 2099 tantum
599 2055 756 2116 suspectum
776 2048 911 2111 fecerint,

102 2117 206 2184 ambigi
216 2121 323 2182 potest3
343 2113 545 2182 quiaPhilotas
562 2117 667 2167 ultimis
682 2117 852 2168 cruciatibus
868 2117 908 2166 ri·

102 2191 163 2235 ctus
174 2197 275 2234 verane
286 2183 397 2245 dixerit,
409 2197 479 2249 quae
489 2181 565 2234 facta
574 2184 686 2250 probari
697 2198 753 2235 non
764 2190 908 2250 poterant,

102 2267 137 2301 an
147 2251 227 2301 falsis
238 2257 440 2301 tormentorum
451 2252 565 2316 petierit
574 2252 669 2313 linem,
690 2267 721 2302 re
737 2266 849 2319 quoque
864 2267 907 2301 re-

103 2317 187 2379 centi,
198 2331 280 2383 quum
291 2317 380 2384 magis
390 2324 488 2383 posset
496 2318 614 2385 liquere,
627 2319 781 2370 dubitatum
793 2325 844 2370 est.
865 2319 907 2370 ab.

101 2384 267 2445 Alexander,
279 2399 348 2450 quos
359 2385 447 2436 libere
457 2386 772 2438 mortemParmenionis
784 2401 907 2452 conque-

102 2459 162 2503 stos
182 2465 245 2502 esse
260 2459 443 2520 compererat,
463 2453 634 2519 separandos
645 2470 661 2503 a
671 2459 767 2504 cetero
779 2455 906 2504 exercitu

100 2525 188 2582 ratus,
197 2521 226 2570 in
237 2535 318 2570 unam
330 2519 474 2572 cohortem
485 2522 771 2586 secrevit,ducemque
782 2519 908 2578 hisLeo-

102 2587 194 2638 uidam
209 2586 294 2648 dedit,
315 2595 343 2638 et
355 2589 445 2655 ipsum
459 2588 637 2652 Parmenioni
651 2589 791 2654 qnondam
807 2589 907 2640 intima

101 2653 293 2706 familiaritate
303 2657 487 2706 coniunctum.
507 2655 547 2705 36.
559 2656 631 2706 Fere
642 2656 727 2706 iidem
738 2663 906 2723 erant‚quos

103 2722 207 2789 alioqui
228 2737 278 2774 rex
298 2721 433 2775 babuerat
452 2722 565 2774 invisos.
601 2721 671 2774 Nam
687 2735 769 2789 quum
782 2725 906 2790 experiri
