2082 3042
274 189 420 241 LIBER
447 187 529 239 Vlll.
559 190 655 241 cAP.
687 194 727 241 ll.
757 195 798 243 12.
890 194 940 245 339
1034 147 1035 150 Ἴ

129 297 205 354 otor,
225 301 318 342 tamen
335 305 453 358 magnae
467 291 603 341 victoriae
617 277 725 358 magnis
741 293 888 345 sacrificiis
910 302 940 347 et
1034 311 1035 316 ¹

129 359 207 410 cultu
228 358 309 410 dedm
330 356 477 410 satisfecit.
512 359 585 408 Arae
604 357 634 408 in
655 365 734 424 petra
749 360 858 412 locatae
873 370 938 414 sunt

126 427 272 477 Minervae
282 424 489 493 victoriaeque.
526 423 651 475 Ducibus
661 425 780 490 itineris,
791 445 861 495 quos
872 429 935 481 sub-

126 494 169 544 ire
183 493 305 544 iusserat
317 493 418 545 leviter
433 498 565 552 armatos,
587 493 641 542 etsi
661 493 806 557 promissis
825 499 935 550 minora

125 561 332 628 praestiterant,
353 562 473 627 pretium
493 575 554 610 cum
570 559 625 612 nde
639 559 779 610 redditum
794 569 845 614 est.
880 565 933 617 Pe·

125 635 186 708 trae
205 627 385 696 regionisque
406 628 432 678 ei
447 626 595 678 adiunctae
609 625 757 678 Sisocosto
771 630 860 680 tutela
871 647 933 698 per·

126 711 220 748 missa.

177 763 236 814 ΧΠ.
255 763 323 814 lnde
334 761 476 829 processit
484 757 643 811 Ecbolima:
655 769 684 812 et
695 777 777 828 quum
787 765 932 832 angustias

124 832 234 882 itineris
255 830 379 882 obsideri
397 827 453 878 XX
470 827 595 879 millibus
611 836 780 880 armatorum
795 831 829 882 ab
840 831 932 899 Eryce
1030 887 1035 892 ,

125 900 246 965 quodam
257 896 454 969 comperissem
473 897 586 964 gravius
600 910 700 964 agmen
712 899 852 950 exereitus
863 901 933 951 Goe-

124 984 161 1017 no
182 965 339 1017 ducendum
357 962 476 1015 modicis
494 962 642 1014 itineribus
661 965 785 1016 tradidit.
823 968 847 1016 1.
869 967 931 1034 lp'se

124 1047 308 1102 praegressus
319 1047 381 1083 oum
390 1029 534 1082 funditore
549 1046 582 1082 ac
597 1032 755 1098 sagittario,
775 1033 931 1085 deturbatis

125 1102 173 1167 qui
193 1099 363 1152 obsederant
381 1098 492 1160 saltum,
512 1099 692 1166 sequentibus
712 1115 743 1150 se
759 1101 848 1168 copiis
859 1102 931 1153 viam

123 1169 201 1220 iecit.
238 1168 262 1219 3.
281 1166 354 1228 ludi,
366 1166 426 1218 sive
437 1166 503 1217 odio
515 1165 605 1230 ducis,
617 1168 675 1218 sive
686 1168 805 1235 gratiam
814 1169 931 1221 victoris

123 1237 230 1299 inituri,
249 1235 368 1302 Erycem
377 1233 533 1304 fugientem
550 1235 641 1287 adorti
656 1236 867 1302 interemerunt,
888 1253 931 1289 ca·

123 1311 227 1372 potque
243 1304 304 1355 eius
321 1308 404 1370 atque
419 1317 496 1353 arma
510 1301 544 1352 ad
554 1303 741 1354 Alexandrum
760 1304 929 1357 detulerunt.

120 1373 171 1424 illa
191 1371 267 1423 facto
287 1371 479 1438 impunitatem
503 1370 592 1435 dedit;
621 1370 757 1423 honorem
778 1373 930 1443 denegarit

122 1439 258 1508 exemplo.
294 1439 319 1489 4.
338 1438 413 1489 Hinc
433 1438 468 1488 ad
488 1435 590 1489 flumen
602 1439 700 1491 Indum
719 1441 928 1493 sextisdecimis

121 1508 221 1559 castris
232 1506 367 1574 pervenit,
389 1505 545 1570 omniaque,
561 1512 593 1555 ut
601 1515 791 1574 praeceperat,
806 1510 842 1561 ad
852 1509 929 1561 traii·

122 1575 251 1625 ciendum
270 1576 436 1639 praeparata
450 1570 484 1620 ab
499 1569 710 1637 Hephaestione
725 1575 840 1638 reperit.
875 1577 928 1626 Re·

122 1641 226 1710 gnabat
234 1641 263 1691 in
274 1655 307 1690 ea
317 1640 434 1756 regione
446 1636 571 1704 Omphis,
592 1639 640 1705 qui
655 1639 729 1706 patri
743 1655 853 1708 quoque
868 1639 928 1692 iue-

120 1715 165 1762 rat
186 1713 285 1760 auctor
305 1708 340 1758 de
361 1705 427 1756 endi
439 1719 556 1772 regnum
571 1703 738 1758 Alexandro.
775 1707 799 1756 b.
818 1707 928 1774 Etpost

120 1781 240 1828 niortem
259 1773 383 1842 parentis
402 1771 514 1840 legatos
532 1773 661 1835 miserat,
682 1773 729 1840 qul
748 1775 929 1826 consulerent

120 1860 194 1908 eum,
211 1857 331 1910 regnare
341 1856 372 1892 se
382 1840 495 1892 interim
504 1839 602 1903 vellet,
612 1839 647 1891 au
656 1841 794 1907 privatum
805 1841 928 1910 opperiri

121 1914 182 1964 eius
193 1909 356 1962 adventamt
383 1907 407 1960 b.
418 1907 618 1976 Permissaque
629 1917 660 1958 ut
668 1913 809 1976 regnaret,
822 1923 877 1959 non
887 1913 928 1959 ta-

119 1989 185 2032 men
201 1980 246 2030 ius
267 1978 361 2029 danim
377 1989 511 2044 usurpare
522 1977 662 2028 sustinuit.
697 1977 724 2026 Is
734 1975 800 2027 beni
842 1976 928 2042 equi-

120 2050 183 2099 dem
200 2051 353 2112 ,exceperat
365 2042 620 2111 Hephaestionem,
639 2043 791 2111 gratuitum
819 2057 928 2094 rumen·

118 2125 178 2168 tum
189 2113 278 2181 copiis
290 2113 351 2163 eius
360 2112 521 2164 admensus:
540 2126 597 2162 uon
611 2116 703 2163 tamen
719 2112 746 2162 ei
757 2115 927 2175 occurrerat,

118 2199 154 2235 ne
174 2182 258 2234 fidem
276 2179 371 2243 ullius,
391 2179 446 2230 nisi
460 2179 546 2247 regis,
567 2179 750 2248 experiretur.
785 2177 810 2228 ’1.
829 2179 926 2246 ltaque

118 2250 243 2304 venienti
264 2247 375 2300 obviam
391 2261 454 2298 cum
467 2251 574 2299 anneto
591 2247 743 2299 exercitus
780 2261 859 2296 assus
871 2251 925 2298 est:

77 2349 78 2354 κ
120 2315 263 2384 elephanti
286 2329 397 2384 quoque
421 2328 471 2381 per
492 2314 604 2365 modica
628 2312 748 2365 interval
761 2327 778 2362 a
805 2313 925 2364 militum

120 2379 924 2452 agminiimmixti,prooulcastellorumiecerantspeciem.

121 2454 147 2504 8.
166 2453 303 2520 deprimo
314 2449 475 2502 Alexander
484 2463 540 2500 non
551 2450 659 2500 socium
663 2485 671 2511 ,
684 2449 734 2500 sed
744 2445 866 2512 hostem,
878 2448 924 2498 ad·

122 2525 236 2572 ventare
257 2519 408 2578 eradebat.¹
433 2517 546 2584 Iamque
562 2521 591 2568 et
601 2516 663 2583 ipse
677 2529 754 2567 arma
765 2515 869 2568 milites
881 2529 924 2565 ca-

121 2602 202 2654 pere,
221 2588 370 2655 stequites
382 2585 527 2638 discedere
536 2585 565 2637 in
578 2597 683 2638 cornua
695 2583 829 2646 iusserat,
845 2591 924 2649 para-

119 2665 168 2708 tus
177 2655 214 2709 ad
222 2671 351 2725 pugnam.
378 2655 413 2708 At
421 2653 515 2717 indus,
526 2652 641 2722 cognito
651 2651 838 2703 Macedonum
849 2661 924 2701 erro-

119 2738 163 2790 ro,
170 2724 255 2778 iussis
264 2722 417 2777 subsistere
429 2722 540 2786 ceteris,
547 2721 609 2790 ipse
621 2723 745 2772 concitat
755 2733 862 2786 equum,
870 2734 923 2785 quo
