2098 3040
315 180 463 242 impar
488 182 522 232 x.
551 181 647 232 cnr.
677 183 700 232 r.
798 175 802 180 '
861 179 912 232 arr

105 297 170 334 cum
189 281 288 350 viginti
309 281 517 348 sagittariorum
537 280 762 350 funditorumque
776 281 910 346 millibus,

109 365 180 416 quos
192 363 226 398 ex
236 363 286 398 sua
296 349 439 412 provincia
457 352 599 414 coegerat.
635 348 688 398 His
697 365 747 414 per
756 350 911 401 exercitum

109 414 266 477 distributis
271 415 418 533 (proiectus
430 422 473 466 est
484 415 576 477 Susis,
588 415 722 482 Tigrique
733 431 811 468 amne
821 423 910 468 trans-

108 485 205 545 misso,
216 497 232 532 a
251 497 269 532 u
298 481 418 534 Carrhas
428 490 520 534 castra
531 488 652 533 metatus
662 489 717 533 esta
731 484 796 534 inde
807 485 909 550 quatri-

106 499 396 616 -duoperbinacenen
408 550 498 601 duone
510 550 599 616 copiis
611 549 749 600 Sambana
760 553 908 616 processit3

111 617 158 670 ubi
174 632 225 683 per
242 623 348 684 septem
364 618 424 668 dies
435 619 558 684 quietum
568 631 668 684 agmen
678 618 777 668 tenuit.
812 617 910 668 Tridui

106 685 211 750 deinde
224 685 325 736 itinere
340 700 454 736 emenso
472 684 592 736 Celonas
608 691 771 750 perventum
782 690 833 734 est.
870 685 910 735 lb.

111 753 248 818 Oppidum
260 751 316 804 hoc
329 757 426 802 tenent
434 751 555 803 Boeotia
567 751 701 818 proiecti,
721 767 791 819 quos
803 749 912 803 Xerxes

108 821 223 871 sedibus
237 821 295 871 suis
310 820 465 882 excitoslin
482 819 625 870 Orientem
645 818 799 870 transtulit:
820 832 912 868 serra-

108 888 232 954 bantque
242 893 432 954 argumentum
446 887 488 936 ori
507 887 564 941 ,inis
576 887 711 952 peculiari
722 899 863 946 sermone,
879 900 914 938 ex

110 951 228 1006 Graecis
248 952 410 1019 plerumque
429 902 545 1004 vocibus
565 959 722 1014 constante;
743 959 865 1004 ceterum
877 953 912 1002 ob

111 1021 342 1074 commerciorum
367 1022 563 1074 necessitatem
582 1022 763 1072 finitimorum
781 1021 914 1070 barbaro-

16 1107 17 1146 l
109 1105 171 1146 rum
190 1089 285 1154 lingua
304 1087 461 1139 utebantur.
495 1088 562 1139 ln'de
580 1088 752 1156 Bagistanen
770 1089 915 1156 ingressus

111 1161 163 1218 est,
184 1158 329 1222 regionem
350 1155 519 1222 opulentam,
540 1163 573 1208 gp
587 1156 771 1208 abundantem
785 1157 916 1206 arborum

111 1237 229 1274 amoeno
250 1229 278 1274 et
297 1222 418 1275 fecundo
437 1222 526 1286 foetu,
549 1225 706 1291 ceterisque
722 1225 757 1275 ad
772 1226 847 1275 vitae
859 1238 915 1274 non

110 1307 191 1342 usum
205 1291 301 1353 modo,
323 1306 418 1342 verum
433 1293 516 1343 etiam
528 1292 742 1346 delectationem
753 1293 916 1360 pertinenti·

110 1361 173 1410 bus.
202 1359 242 1410 ld.
255 1357 354 1410 Gravis
364 1359 438 1410 inter
448 1356 517 1412 haec
528 1360 645 1412 Eumeni
657 1375 719 1412 cum
728 1359 916 1427 Hephaestio·

111 1441 146 1477 ne
167 1427 293 1477 simultas
312 1427 458 1478 inciderat.
494 1427 564 1479 Nam
576 1440 673 1479 servos
682 1428 815 1479 Eumenis
826 1429 916 1480 direr-

111 1492 199 1556 sorio,
220 1493 294 1559 quod
308 1508 359 1559 pro
369 1491 438 1544 hero
450 1509 501 1543 suo
513 1499 720 1560 anteceperant,
740 1494 915 1560 Hephaestio

110 1559 295 1628 proturbavit,
306 1561 338 1609 ut
347 1559 433 1609 Erius
441 1560 547 1624 tibicen
558 1576 591 1610 eo
603 1562 782 1626 reciperetur.
818 1561 916 1628 Neque

111 1629 161 1680 diu
170 1633 249 1694 post,
261 1639 343 1692 quum
353 1625 408 1676 iam
421 1627 514 1691 sopita
524 1626 590 1676 odia
599 1626 775 1690 riderentur,
786 1643 860 1679 nova
870 1643 916 1680 ex·

112 1700 177 1748 orta
198 1693 378 1744 contentione
398 1691 469 1743 adeo
489 1692 703 1755 recruduerunt,
732 1700 763 1745 ut
782 1695 867 1745 etiam
887 1697 918 1746 in

111 1771 195 1814 atrox
207 1761 342 1828 iurgium,
363 1764 392 1810 et
401 1759 503 1809 acerba
513 1761 642 1826 utrinque
655 1761 781 1812 convicia
792 1777 917 1830 prorum-

111 1834 220 1898 perent.
250 1829 305 1879 Sed
314 1825 467 1878 Alexandri
476 1827 635 1878 interventu
645 1828 818 1896 imperioque
828 1829 919 1880 inimi-

16 1881 17 1912 Ὗ
112 1897 198 1950 citiae
210 1895 310 1948 saltem
319 1897 348 1946 in
359 1894 481 1960 speciem
492 1893 616 1946 abolitae
627 1901 702 1946 sunt:
715 1896 853 1964 quumille
877 1898 919 1948 ui-

112 1967 177 2018 dem
190 1962 394 2028 Hepbaestioni
411 1961 495 2012 etiam
508 1962 629 2017 minatus
652 1970 736 2027 esset,
757 1967 803 2032 qui
821 1965 850 2014 in
891 1980 918 2014 a·

112 2031 292 2102 grantissima
301 2031 377 2097 regis
387 2031 479 2116 gratia
488 2031 606 2094 positus,
615 2045 778 2098 quamquam
790 2033 920 2100 cupidum

111 2097 355 2152 reconciliationis
376 2097 542 2158 Eumenem,
571 2099 743 2163 pertinacius
772 2099 919 2152 aversaba-

112 2176 168 2225 tur.
204 2167 245 2217 l‘l.
263 2163 433 2217 Perventum
453 2165 554 2216 deinde
571 2171 616 2217 est
629 2165 658 2216 in
668 2165 780 2218 Mediae
795 2181 918 2234 campos,

16 2269 17 2286 l
112 2235 162 2288 ubi
171 2234 292 2287 maxima
302 2246 437 2299 equorum
447 2240 572 2284 armenta
582 2233 775 2299 pascebantur.
798 2233 918 2286 Nisaeos

16 2329 17 2368 p
113 2302 266 2384 appellanq
285 2301 477 2382 magnitudine
498 2305 526 2351 et
545 2301 639 2367 specie
658 2301 792 2368 insignes.
829 2300 919 2370 Supra

115 2375 318 2450 qunquaginta
327 2367 416 2419 mrlha
424 2367 464 2418 1b1
474 2375 599 2434 reperta,
619 2384 702 2435 quum
712 2369 870 2422 Alexander
883 2385 917 2424 eo

16 2477 17 2490 l
113 2444 258 2501 transuet,
271 2436 445 2489 acomitibus
455 2434 532 2486 illius
543 2441 704 2492 annotatum
717 2444 771 2490 est:
794 2438 859 2490 olim
870 2440 918 2490 tri·

114 2505 162 2574 plo
181 2504 275 2571 plures
293 2503 394 2569 fuisse3
416 2503 466 2556 sed
479 2504 554 2554 inter
568 2503 705 2556 bellorum
718 2505 813 2558 turbas
833 2504 919 2558 maxi·

114 2571 920 2710 tlt?el‘ttterrim{irretirettitel:

16 2765 17 2788 1
112 2714 227 2761 eentum
235 2708 367 2760 barbaras
377 2706 508 2762 mulieres
520 2707 793 2779 adduxitequitandi
804 2709 917 2777 peritas,
