2036 3030
205 211 523 265 SUPPLEMENTA.
542 213 618 291 [ΑΒ.
638 216 658 264 l.
679 215 764 268 cAP.
784 218 826 266 ill.
884 217 917 268 35

115 316 163 382 qui
179 314 353 380 superiorum
369 314 475 366 dierum
489 317 649 382 spectacula
665 317 733 368 luxu
749 325 777 368 et
792 319 916 385 magnili-

115 381 210 432 centia
219 381 303 448 longe
314 383 470 447 superaturi
484 383 654 434 dicebantur.
690 385 731 435 23.
764 385 839 436 lnter
850 385 914 447 alia,

114 448 215 516 quibus
226 448 331 500 divitiis
341 449 459 501 illudere
471 451 564 501 solent
579 435 703 518 dpuleuti
716 467 799 520 reges
816 458 844 504 et
859 451 914 503 ior-

111 523 198 567 tunae
212 530 279 567 suae
291 515 509 583 magnitudinem
522 533 578 568 non
593 517 747 582 capientes,
767 520 914 571 duodecim

109 583 235 636 Deorum
249 581 358 651 efligies
377 584 548 646 eminebant,
568 585 598 636 in
612 584 711 652 quibus
726 587 860 638 artificum
875 590 914 638 in-

111 651 219 701 dustria
236 666 297 701 cum
312 652 446 702 materiae
463 651 598 718 dignitate
615 657 778 702 certaverat.
807 656 914 705 Tertia-

112 718 221 768 decima
229 716 351 784 Philippi
362 716 462 769 thensa
471 726 639 780 accesserat,
649 718 726 770 nulla
734 721 763 769 in
772 735 802 770 re
813 724 913 772 ceteris

111 785 204 836 vilior.
241 785 283 835 24.
310 785 341 835 ld
358 784 542 836 mortalitatis
560 785 703 836 fastidium
717 791 825 836 matura
844 789 912 838 ultio

110 857 263 903 consecuta
285 858 342 902 est:
368 858 396 901 et
419 865 550 902 successu
573 867 666 903 rerum
689 853 914 914 insolescentem,

110 934 197 987 seque
212 919 275 970 Diis
290 917 492 969 immortalibus
508 925 684 986 aequantem,
701 921 860 986 priusquam
875 923 914 970 in-

110 987 208 1038 debito
221 985 327 1036 bonore
338 983 486 1046 frueretur,
497 986 584 1038 fatum
596 989 749 1056 occupavit.
779 989 821 1038 25.
844 987 913 1038 Pan-

108 1055 204 1105 sanias
218 1050 357 1103 theatrum
373 1055 478 1104 intrare
491 1054 630 1106 volentem
644 1056 853 1107 observaverat:
872 1063 913 1105 ut-

109 1134 165 1188 que
175 1119 336 1185 praemissis
346 1120 450 1179 amicis‚
466 1122 513 1188 qui
524 1137 586 1173 eum
597 1122 778 1185 deduxerant,
794 1124 913 1174 relictis-

108 1202 164 1255 que
175 1203 192 1238 a
201 1193 282 1254 tergo
293 1187 469 1251 satellitibus,
487 1191 560 1251 (nam
570 1193 597 1241 in
612 1197 689 1241 tanta
700 1192 820 1242 omnium
830 1191 913 1242 bene·

109 1255 235 1306 volentia
248 1252 317 1306 nihil
329 1255 365 1307 iis
376 1271 445 1323 opus
460 1271 522 1308 esse
533 1258 647 1308 volebat
658 1259 818 1323 ostendere)
834 1259 911 1317 solus

107 1321 329 1390 ingrediebatur3
348 1337 497 1390 percussor
505 1324 671 1391 improvisus
684 1326 787 1387 adsilit,
804 1326 911 1394 gladio-

108 1404 162 1458 que
174 1389 332 1452 barbarico,
356 1405 436 1458 quem
451 1391 502 1443 sub
516 1399 594 1443 veste
606 1391 747 1456 habuerat,
759 1394 831 1444 latus
841 1392 911 1444 nihil

106 1458 165 1509 tale
187 1458 373 1524 exspectantis
395 1457 495 1510 haurit.
531 1460 586 1510 Hic
609 1459 665 1511 fuit
689 1463 779 1511 exitus
799 1460 912 1512 maximi

107 1527 211 1578 aetatis
229 1539 296 1576 suae
316 1539 422 1592 regum.
457 1526 499 1578 26.
528 1527 710 1578 Macedoniae
725 1543 841 1595 regnum
856 1543 911 1578 ma-

108 1608 192 1660 gnum
203 1607 238 1643 ex
246 1593 324 1658 inopi
337 1593 511 1645 reddiderat:
530 1595 735 1646 circumiectam
754 1596 911 1646 barbariem

108 1661 268 1711 domuerat:
288 1659 423 1710 Graeciae
440 1662 612 1727 imposuerat
624 1663 731 1729 iugum:
749 1669 807 1713 tum
827 1665 911 1714 etiam

107 1727 223 1779 Persico
235 1727 352 1792 imperio
363 1727 531 1778 imminebat.
568 1730 609 1778 27.
638 1729 695 1778 lam
711 1730 816 1779 auxilia
826 1729 911 1780 Grae·

107 1810 203 1846 corum
225 1793 349 1845 coibant:
374 1795 430 1844 iam
449 1794 478 1844 in
498 1795 590 1844 Asiam
609 1795 811 1844 transiecerant
832 1809 911 1860 prae-

106 1864 187 1913 missi
197 1862 230 1913 ab
242 1876 275 1912 eo
289 1862 388 1924 duces3
408 1877 490 1927 quum
503 1861 532 1912 in
545 1863 606 1928 ipso
621 1875 712 1911 rerum
728 1861 911 1928 gerendarum

107 1931 240 1991 articulo,
259 1929 399 1994 prolixum
413 1929 548 1980 victoriae
568 1927 687 1979 fructum
705 1929 758 1980 sibi
777 1929 910 1996 pollicen-

105 2006 164 2048 tem
175 1997 233 2047 vita
245 1997 379 2048 destituit.
415 1997 456 2048 28.
485 1996 528 2048 lta
546 1996 666 2048 maxima
685 2013 810 2063 quaeque
826 1998 854 2047 in
872 1997 910 2047 lu-

104 2065 186 2116 brico
201 2069 276 2126 sunt3
296 2069 324 2114 et
342 2063 539 2116 audacissimas
554 2079 618 2131 spes
633 2063 773 2116 hominum
794 2064 911 2132 quilibet

105 2131 302 2197 eximproviso
315 2146 396 2181 casus
408 2131 504 2182 eludit.
532 2132 573 2182 29.
594 2132 749 2199 Olympias,
769 2140 910 2199 comperta

104 2205 196 2250 morte
212 2199 298 2266 regis,
321 2197 497 2264 Cleopatram
512 2200 599 2249 Attali
617 2215 715 2250 sorore
735 2200 855 2266 genitam
875 2201 909 2251 ad

105 2266 286 2334 suspendium
305 2265 412 2332 adegit:
431 2271 525 2317 natum
545 2281 580 2318 ex
594 2282 628 2318 ea
640 2267 736 2332 paucis
749 2272 812 2318 ante
822 2270 908 2334 patris

104 2348 203 2386 necem
213 2332 311 2384 diebus
321 2347 436 2398 puerum
446 2333 475 2384 in
486 2333 655 2400 aeneapelvi
661 2335 777 2385 torruit:
788 2336 817 2386 in
825 2336 908 2387 clien-

102 2408 148 2452 tes
173 2401 257 2453 etiam
272 2401 497 2468 propinquosque
522 2403 581 2452 eius
605 2401 746 2453 atrocibus
766 2404 909 2470 suppliciis

104 2469 220 2532 saeviit,
241 2475 270 2520 et
284 2470 433 2519 occasione
443 2468 581 2521 vindictae
592 2483 642 2534 per
652 2469 813 2522 muliebrem
823 2473 909 2535 impo-

103 2538 220 2588 tentiam
232 2535 423 2586 crudelissime
433 2551 484 2586 usa
495 2542 546 2586 est.

102 2643 105 2650 i
155 2602 191 2654 X.
219 2601 276 2656 Sed
289 2603 460 2666 Alexander,
482 2617 532 2669 per
550 2603 627 2654 cuius
648 2604 802 2656 absentiam
824 2609 912 2653 mater

102 2671 163 2722 ista
173 2676 391 2736 perpetraverat,
410 2676 541 2737 tanquam
557 2671 678 2722 salutare
693 2673 780 2733 sidus,
801 2685 912 2734 compo-

101 2738 203 2790 nendis
214 2740 300 2790 tantis
311 2735 440 2790 fluctibus
450 2739 632 2804 tempestivus
641 2738 755 2857 afgulsit.
768 2741 792 2788 2.
804 2736 911 2801 Quippe
