2082 3042
142 179 194 231 298
331 174 535 236 'QUINTI
558 174 728 228 CURTll

143 282 192 332 des
213 283 292 330 erant
311 276 416 328 crebris
434 276 590 328 intervallis
609 276 752 344 dispositi,
772 277 947 346 arboresque

159 359 285 406 rocenac,
305 360 419 411 quarum
440 345 550 412 stipites
569 342 674 394 hedera
693 349 865 396 contexerat.
904 343 946 395 16.

141 363 198 467 gad
209 413 378 464 Macedonas
392 412 435 462 ira
451 411 563 478 longius
580 412 720 482 provexit:
741 412 842 528 quippe
852 413 948 464 media

142 480 202 532 iere
213 486 296 532 nocte
306 481 335 530 in
346 486 438 530 castra
446 479 598 538 redierunt,
610 479 704 529 multis
715 479 788 530 inter
802 479 947 546 sotiuplu-

141 549 218 599 ribus
238 547 337 615 captis,
357 561 499 613 equosque
518 543 645 598 MDCCC
664 546 793 612 abegere.
830 546 947 602 Cecide-

140 622 306 666 runtaotem
317 615 500 665 Macedonum
510 613 619 680 equites
629 612 693 674 LX,
711 614 822 678 pedites
838 615 860 666 C
876 613 946 677 iere,

141 683 217 734 mille
229 683 318 734 saucii
326 681 447 762 fuerunt.
474 682 514 732 17.
524 680 604 732 Haec
614 679 755 746 expeditio
767 680 945 762 deiicientem

141 747 945 883 tibtffttiiiiibibiitittttitttttitiii

141 884 240 936 fractis
251 885 353 935 nullam
364 890 475 951 gentem
485 883 669 936 Macedonum
679 884 762 933 armis
772 898 868 948 parem
883 883 944 936 fore
1025 877 1027 946 ᾗ

143 951 358 1004 confitebantur.-
380 952 476 1018 ltaque
488 950 575 1004 Sacae
586 951 686 1002 misere
697 950 818 1018 legatos,
828 952 876 1018 qui
887 951 945 1018 pol.
1027 974 1028 986 .

142 1021 304 1082 iieerentur,
316 1025 427 1086 gentem
436 1020 573 1084 imperata
582 1017 727 1073 facturam.
764 1014 804 1068 18.
816 1019 946 1070 Moverat

144 1102 193 1140 eos
204 1088 279 1153 regis
291 1102 346 1137 non
358 1086 445 1136 virtus
455 1086 555 1153 magis,
574 1101 656 1152 quam
672 1085 821 1138 clementia
831 1086 859 1138 in
871 1087 945 1138 deri-

142 1161 204 1205 ctos
216 1152 349 1219 Scythas:
369 1153 469 1268 quippe
484 1154 609 1219 captivos
624 1167 719 1204 omnes
730 1152 790 1202 sine
802 1155 946 1220 pretiose·

143 1223 269 1282 miserat,
280 1226 311 1270 ut
321 1220 403 1270 fidem
426 1227 533 1282 sceret,
548 1219 602 1271 sibi
613 1235 674 1270 cum
684 1219 868 1272 ferocissimis
880 1237 945 1289 gen·
1029 1243 1030 1258 π

142 1289 212 1338 tium
223 1287 257 1336 de
269 1285 444 1348 fortitudine,
455 1301 510 1337 non
521 1288 556 1336 de
566 1287 619 1348 ira,
629 1286 719 1339 fuisse
731 1294 880 1340 certamen,
906 1289 944 1340 19.
1029 1313 1030 1332 2

142 1353 268 1418 Benigne
287 1354 377 1419 igitur
394 1353 519 1420 exceptis
534 1353 665 1406 Sacarum
684 1355 797 1422 legatis,
816 1357 946 1408 comitem

143 1420 306 1485 Exeipinnm
327 1419 417 1483 dedit,
439 1421 586 1474 admodum
608 1423 735 1474 iuvenem
755 1423 857 1474 aetatis
876 1423 945 1476 flore

144 1487 322 1539 conciliatum
334 1488 402 1552 sibi3
420 1490 467 1556 qui
478 1504 560 1554 quum
571 1490 665 1555 specie
677 1491 804 1556 corporis
813 1499 947 1558 aequaret
1031 1508 1032 1524 ¹

144 1553 396 1621 Hephaestionem,
412 1556 509 1623 lepore
520 1555 594 1609 baud
604 1571 671 1608 sane
684 1558 727 1608 iili
737 1573 786 1622 par
797 1566 867 1610 erat
904 1563 944 1612 Mt.

145 1625 216 1691 lpse,
237 1623 354 1674 Cratero
375 1639 436 1674 cum
455 1626 561 1676 maiore
581 1632 660 1690 parte
675 1626 814 1678 exereitus
828 1627 946 1680 modicis

144 1691 291 1742 itineribus
301 1692 695 1758 sequiiusso,adMaracanda
704 1693 947 1760 urbempervenit3

144 1775 180 1810 ex
200 1774 254 1826 qua
275 1759 459 1826 Spitamenes,
479 1761 593 1826 cognito
613 1761 675 1811 eius
693 1760 826 1822 adventu,
846 1761 948 1814 Bactra

144 1827 315 1894 perfugerat.
351 1828 393 1877 21.
411 1828 508 1895 ltaque
522 1827 670 1894 quatriduo
681 1842 730 1878 rex
742 1827 788 1878 ion
829 1843 856 1880 m
866 1830 948 1880 itine-

144 1896 184 1946 ris
202 1896 321 1960 spatium
339 1910 477 1957 emensus,
491 1901 657 1962 pervenerat
675 1895 703 1946 in
721 1910 783 1946 eum
814 1911 904 1958 ocum,
920 1899 948 1948 in

145 1978 210 2030 quo,
220 1962 388 2012 Menedemo
399 1962 479 2024 duee,
489 1963 515 2012 ll
525 1963 614 2016 millia
624 1963 948 2032 peditum,etCCCequi·

144 2036 188 2080 tes
202 2029 342 2080 arriserat.
378 2028 485 2079 Horum
499 2045 564 2080 ossa
573 2030 679 2080 tuniolo
690 2031 802 2097 contegi
813 2031 909 2095 iussit,
921 2039 950 2082 et

143 2096 260 2148 inferias
271 2109 349 2145 more
366 2097 458 2161 patrio
475 2096 560 2148 dedit.
595 2097 637 2148 22.
656 2097 713 2148 lam
724 2099 866 2160 Craterus,
888 2115 950 2150 cnm

125 2210 127 2214 .
144 2162 283 2231 phalange
294 2163 427 2228 subsequi
438 2163 539 2225 iussus,
552 2163 586 2214 ad
596 2179 692 2231 regem
705 2172 879 2230 pervenerat.
896 2166 950 2218 lta-

145 2245 199 2298 que
210 2237 240 2280 nt
251 2229 409 2296 omnes‚qui
420 2228 591 2293 deiecerant,
602 2233 707 2298 pariter
717 2231 785 2284 beili
795 2233 877 2284 clade
889 2249 950 2301 pre·

144 2302 293 2356 merentur,
315 2297 411 2362 copies
430 2298 542 2361 diridit3
563 2299 661 2366 urique
682 2313 766 2367 agros
786 2306 815 2352 et
827 2301 949 2354 interfici

144 2362 264 2430 puberes
274 2363 366 2414 iussit

195 2429 230 2481 X.
251 2429 393 2498 Sogdiana
411 2431 491 2500 regio
510 2434 610 2484 maiori
626 2448 663 2486 ex
677 2439 756 2500 perte
768 2433 882 2486 deserta
892 2443 950 2488 est:

145 2499 306 2566 octingenta
317 2497 377 2551 iere
388 2501 481 2552 stadia
496 2501 524 2552 in
542 2501 714 2552 latitudinem
734 2509 831 2556 vastae
851 2504 951 2556 solitu-

144 2565 225 2618 dines
235 2573 339 2618 tenent.
375 2569 400 2618 2.
412 2569 441 2618 ln
463 2583 512 2619 ens
523 2571 642 2633 spatium
653 2576 746 2620 rectae
757 2572 884 2636 regionis
896 2578 950 2633 est,

143 2649 195 2701 per
205 2649 286 2703 qnam
296 2637 384 2687 amnis
391 2584 604 2703 (Poiytimetum
612 2643 712 2688 vocant
722 2637 846 2701 incolae)
857 2636 951 2692 fertur

144 2709 263 2756 torrens.
292 2702 361 2754 Eum
372 2705 449 2771 ripae
460 2705 488 2754 in
499 2711 610 2756 tenuem
620 2704 728 2756 alveum
742 2713 860 2773 eogunt;
871 2706 952 2760 dein·
