2054 3030
360 157 507 209 LIBER
534 159 579 208 ΠΙ.
610 157 707 214 CAP.
735 161 760 210 4.
916 161 986 209 113.

156 264 265 312 riorum
274 266 469 328 prosequente.
505 259 547 311 25.
566 258 789 328 Propinquorum
799 262 965 312 amicorum·

157 343 215 396 que
229 329 363 396 coniuges
377 327 441 380 huic
454 331 559 396 agmini
574 331 730 394 proximae,
748 329 923 396 lixarumque
937 335 967 380 et

159 395 290 447 calonum
300 411 401 464 greges
411 394 594 447 vehebantur.
629 396 725 446 Ultimi
739 403 819 448 erant
832 411 895 447 cum
906 397 965 447 suis

160 465 279 530 quisque
306 464 442 525 ducibus,
477 465 524 531 qui
553 461 690 531 cogerent
717 477 833 530 agmen,
864 464 967 515 leviter

160 531 270 596 armati.
322 531 365 584 26.
395 534 500 583 Contra
528 532 553 582 si
575 533 637 598 quis
665 533 753 582 aciem
780 531 980 582 Macedonum¹

158 599 324 662 intueretur,
339 599 434 665 dispar
443 598 531 650 iacies
543 605 612 660 erat,
628 601 708 666 equis
719 597 841 664 virisque
852 613 908 649 non
919 613 966 650 au·

157 679 202 729 ro,
216 677 274 717 non
281 667 418 718 discolori
427 673 518 728 veste,
540 667 589 716 sed
600 664 677 716 ferro
688 671 771 735 atque
783 679 848 714 aere
858 664 966 732 fulgen·

157 733 241 785 tibus.
279 736 321 785 27.
339 736 444 801 Agmen
465 739 494 784 et
503 739 578 784 stare
597 738 732 799 paratum,
754 739 783 782 et
800 735 893 798 sequi:
914 748 966 783 nec

156 802 248 864 trube,
260 817 312 853 nec
322 803 440 852 sarcinis
450 813 618 866 praegrave:
630 801 765 851 intentum
776 800 811 850 ad
822 799 900 849 ducis
911 816 967 850 non

156 871 269 935 signum
279 869 374 930 modo,
385 866 434 918 sed
446 868 530 918 etiam
541 872 645 919 nutum.
681 867 717 918 Et
728 867 827 918 castris
839 865 927 927 locus,
939 873 968 916 et

156 937 299 987 exercitui
321 942 493 986 commeatus
518 935 709 1000 suppetebant.
746 934 787 984 28.
810 933 886 1000 Ergo
906 934 967 984 nle-

156 1002 267 1055 xandro
277 1003 306 1052 in
318 1003 378 1052 acie
389 1002 469 1053 miles
480 1017 535 1052 non
545 1002 646 1053 defuit:
661 1002 772 1064 Darius,
790 1006 886 1051 tantae
899 1002 968 1051 mul·

157 1068 288 1121 titudinis
299 1083 358 1132 rex,
369 1069 434 1132 loci,
442 1071 471 1120 in
477 1085 530 1136 quo
541 1072 682 1137 pugnauit,
688 1069 825 1137 angustiis
836 1069 967 1120 redactus

159 1142 206 1188 eet
216 1136 253 1187 ad
263 1137 440 1203 paucitatem,
453 1154 532 1205 quam
544 1138 573 1188 in
585 1137 667 1189 hoste
679 1141 895 1203 contempserat.

212 1203 259 1254 lv.
279 1204 389 1255 lnterea
397 1205 566 1267 Alexander,
580 1207 758 1257 Abistamene
770 1205 966 1272 Cappadociae

156 1273 333 1340 praeposito,
351 1272 477 1324 Ciliciam
486 1280 585 1342 petens
596 1288 658 1324 cum
669 1274 796 1326 omnibus
807 1274 896 1340 copiis
909 1270 965 1340 [in]

155 1341 318 1406 regionem,
351 1355 403 1391 nae
414 1343 513 1393 Castra
524 1343 592 1409 Cyri
602 1342 769 1407 appellatur,
790 1347 966 1407 pervenerat.
991 1393 993 1398 .

158 1407 335 1459 Stativaillic
364 1409 480 1460 abuerat
486 1410 585 1476 Cyrus,
598 1411 820 1475 quumadrersus
831 1409 967 1460 Croesum

156 1477 187 1526 in
202 1474 322 1542 Lydiam
342 1480 495 1530 exercitum
513 1477 638 1528 duceret.
674 1479 698 1528 2.
716 1477 823 1528 Aberat
837 1491 871 1528 ea
884 1477 965 1542 regio

157 1543 360 1610 quinquaginta
370 1545 461 1595 stadia
471 1544 505 1595 ab
516 1547 602 1607 aditu,
614 1559 668 1611 quo
680 1545 808 1595 Ciliciam
816 1545 965 1595 intramus:

157 1610 245 1678 Pylas
255 1611 367 1662 incolae
378 1612 482 1672 dicunt,
498 1609 669 1670 arctissimas
680 1610 786 1674 lauces,
797 1613 967 1662 munimenta

157 1692 229 1744 quae
243 1685 327 1728 manu
337 1680 465 1744 ponimus
475 1678 595 1730 naturali
606 1680 661 1730 situ
671 1680 807 1729 imitante.
843 1679 867 1728 3.
879 1678 968 1742 Igitur

156 1749 300 1808 Arsames,
315 1746 363 1812 qui
374 1746 491 1798 Ciliciae
505 1751 642 1812 praeerat,
663 1753 795 1810 reputans
808 1744 873 1808 quid
885 1744 966 1793 initio

155 1814 227 1866 belli
236 1813 367 1864 Memnon
379 1813 527 1876 suasisset,
542 1812 681 1879 quondam
697 1809 808 1862 salubre
820 1810 968 1860 consilium
1001 1830 1005 1837 ·

155 1897 222 1934 sero
235 1881 352 1949 exsequi
363 1881 474 1932 statuit:
494 1879 554 1948 igni
571 1880 703 1946 ferroque
720 1879 848 1930 Ciliciam
866 1884 966 1939 vastat,

153 1956 190 2000 ut
204 1947 281 2000 hosti
298 1948 478 2000 solitudinem
497 1948 596 1999 faciat:
618 1946 751 2014 quidquid
767 1945 830 1997 usui
845 1959 907 1995 csse
919 1959 966 2012 po·

153 2023 222 2079 test,
235 2017 400 2084 corrumpit;
416 2017 513 2068 sterile
525 2031 558 2068 ac
569 2016 672 2067 nudum
686 2015 785 2074 solum,
803 2013 878 2080 quod
893 2014 965 2063 tueri

110 2089 114 2098 ’
154 2085 300 2152 nequibat,
311 2084 469 2136 relicturus.
505 2086 531 2136 4.
552 2085 608 2138 Sed
624 2086 709 2152 longe
725 2083 822 2133 utilius
837 2081 899 2143 fuit,
919 2096 965 2131 an-

153 2153 266 2220 gustias
277 2151 384 2214 aditus,
402 2153 450 2218 qui
465 2153 592 2203 Ciliciam
603 2154 703 2219 aperit,
721 2149 814 2202 valido
827 2157 965 2214 occupare

77 2281 81 2288 Ι
151 2219 308 2288 praesidio,
318 2220 470 2288 iugumque
484 2229 640 2286 opportune
652 2219 749 2270 itineri
759 2217 905 2268 imminens
917 2218 964 2268 ob·

151 2287 260 2350 tinere,
275 2284 349 2338 u'nde
363 2288 468 2339 inultus
483 2289 646 2338 subeuntem
657 2285 767 2337 hostem
778 2291 826 2334 aut
835 2283 963 2352 prohibe-

151 2369 188 2407 re
200 2363 248 2405 aut
260 2356 416 2422 opprimere
427 2357 575 2421 potuisset.
603 2355 627 2404 5.
646 2353 726 2405 Nunc
737 2355 840 2419 paucis,
853 2354 899 2420 qui
909 2353 964 2403 cal·
1025 2373 1026 2376 ¹

151 2421 230 2474 libus
240 2423 446 2490 praesiderent,
456 2421 578 2485 relictis,
595 2428 672 2472 retro
683 2421 744 2486 ipse
756 2423 903 2482 concessit,
917 2436 964 2486 pn-

151 2489 269 2560 pulator
278 2497 384 2554 terrae,
406 2507 487 2558 quam
498 2505 514 2542 a
528 2489 755 2558 populationibus
765 2489 906 2540 vindicare
918 2489 965 2536 de-

149 2561 265 2610 buerat.
301 2557 376 2626 Ergo
398 2563 445 2627 qui
455 2559 546 2609 relicti
558 2564 646 2619 erant,
665 2557 790 2624 proditos
808 2572 837 2622 se
852 2554 916 2612 rati,
930 2568 965 2602 ne

149 2632 339 2692 conspectum
348 2629 458 2693 quidem
470 2625 560 2678 hostis
569 2627 707 2678 sustinere
714 2624 871 2682 voluerunt,
883 2635 966 2684 quum

147 2693 364 2810 velpauciores
384 2695 476 2747 locum
492 2695 618 2746 obtinere
639 2695 804 2810 ρυῑυίεῑξιιτ.
841 2687 865 2738 b.
885 2687 966 2738 Nam-

222 2775 375 2813 marrus.

978 2889 1005 2936 ,r
1025 2873 1026 2940 l
