2082 3042
313 211 459 262 LIBER
484 210 730 263 v11.cAP.5.
874 208 925 260 285

119 312 203 374 latur,
214 313 243 362 in
254 313 372 378 gratiam
382 313 677 365 Xerxis'riolarerant.
712 311 753 363 19.
772 313 868 363 Mores
879 325 926 378 pa-

118 380 167 429 trii
187 381 310 430 nondum
330 381 523 432 exoleverunt:
544 378 594 430 sed
608 381 663 430 iam
678 379 817 446 bilingues
834 384 925 441 erant,

118 446 265 511 paullatim
279 463 295 497 a
314 446 469 499 domestico
485 454 602 500 externo
621 461 748 496 sermone
759 446 926 513 degeneres.

118 513 226 580 Magno
234 513 321 580 igitur
330 517 433 582 gaudio
443 530 539 582 regem
551 514 707 579 excipiunt,
727 512 822 563 urbem
836 528 922 580 seque

10 547 19 592 l'
119 580 263 631 dedentes.
299 583 350 634 llle
360 585 503 645 Milesios,
520 585 567 649 qui
578 582 649 646 apud
660 581 751 647 ipsum
760 581 922 644 militarent,

119 649 269 698 convocari
280 649 367 702 iubet.
403 651 444 702 ao.
463 650 552 702 Vetus
564 649 658 699 odium
667 647 774 698 Milesii
789 647 924 714 gerebant

117 716 148 765 in
157 715 375 768 Branchidarum
387 722 506 784 gentem,
518 715 687 782 proditionis
699 729 777 780 ergo.
813 713 924 774 Ilissi-

117 797 152 832 ve
162 783 291 846 iniuriae,
303 785 362 834 sive
374 784 491 851 originis
500 784 660 834 meminisse
671 782 795 844 mallent,
805 781 925 832 liberum

118 851 153 901 de
163 849 330 902 Branchidis
345 851 483 916 permittit
496 851 649 901 arbitrium.
684 850 725 901 31.
744 848 924 901 Variantibus

118 917 220 968 deinde
240 919 401 980 sententiis,
428 933 458 969 se
477 918 568 985 ipsum
589 918 829 967 consideraturum
850 915 926 980 quod

118 987 254 1049 optimum
264 985 343 1035 iaetu
357 991 440 1048 esset,
463 986 595 1036 ostendit.
632 983 752 1036 Postero
767 984 813 1034 die
829 996 925 1033 occur-

100 1065 104 1073 *
116 1053 253 1114 rentibus,
264 1051 436 1104 Branchidas
447 1069 540 1105 secum
551 1051 705 1119 procedere
714 1051 800 1104 iubet.
822 1051 924 1111 Quum-

117 1132 172 1184 que
182 1119 218 1169 ad
228 1119 325 1170 orbem
335 1126 446 1172 ventum
458 1127 546 1184 esset,
556 1123 617 1188 ipse
627 1135 689 1171 cum
701 1119 831 1186 expedita
840 1115 924 1168 manu

115 1191 227 1252 portam
237 1187 330 1238 intrat.
359 1189 401 1239 32.
413 1186 538 1240 Phalanx
547 1189 659 1240 moenia
670 1188 765 1255 oppidi
775 1187 923 1238 circumire

115 1253 203 1315 iussa,
225 1261 253 1305 et
268 1257 334 1306 dato
346 1257 426 1324 signo
438 1257 559 1324 diripere
569 1257 675 1318 urbem,
693 1255 870 1321 proditorum
880 1267 923 1304 re·

117 1322 301 1386 ceptaculum,
316 1324 449 1391 ipsosque
461 1326 496 1377 ad
505 1340 590 1376 unum
600 1324 728 1375 caedere.
765 1323 806 1375 33.
826 1323 870 1373 llli
882 1323 923 1372 in-

119 1403 209 1440 ermes
220 1392 323 1456 passim
335 1392 522 1455 trucidantur3
543 1407 595 1442 nec
614 1398 663 1442 aut
682 1393 850 1442 commercio
870 1390 923 1440 lin·

115 1470 198 1522 guae,
208 1464 256 1507 aut
269 1459 422 1524 supplicum
432 1461 597 1510 velamentis
606 1459 791 1524 precibusque
800 1456 923 1507 inhiberi

116 1523 270 1588 crudelitas
280 1530 382 1589 potest.
401 1527 536 1587 Tandem,
547 1532 578 1575 ut
587 1525 749 1587 deiicerent,
761 1524 922 1575 fundamen·

115 1596 146 1640 ta
157 1604 299 1641 murorum
309 1591 343 1640 ab
354 1593 410 1641 imo
425 1593 586 1651 moliuntur,
607 1607 642 1642 ne
659 1592 732 1659 quod
748 1591 824 1642 urbis
836 1591 922 1642 vesti-

115 1659 194 1726 gium
205 1663 337 1708 exstaret.
373 1659 414 1710 34.
433 1657 555 1710 Nemora
572 1672 681 1725 quoque
697 1664 725 1710 et
734 1659 814 1709 lucos
824 1672 922 1708 sacros

113 1741 172 1776 non
183 1724 303 1776 caedunt
312 1726 405 1787 modo,
418 1725 561 1776 sedetiam
573 1727 735 1791 exstirpant,
747 1731 778 1774 nt
786 1731 866 1774 vasta
878 1739 921 1774 so-

114 1791 207 1843 litudo
229 1799 256 1843 et
275 1794 379 1844 sterilis
398 1791 506 1854 humus,
527 1793 652 1843 excussis
668 1793 752 1842 etism
770 1790 922 1854 radicibus,

115 1861 298 1925 linqueretur.
334 1861 376 1914 35.
396 1861 475 1923 Quae
487 1861 509 1911 si
521 1861 550 1910 in
559 1861 637 1926 ipsos
648 1859 816 1925 proditionis
828 1863 923 1908 aucto-

115 1941 162 1978 res
173 1927 335 1995 excogitata
346 1935 452 1991 essent,
472 1929 547 1980 iusta
556 1927 627 1978 ultio
640 1942 715 1990 esse,
737 1941 792 1977 non
803 1924 923 1977 crudeli-

96 2021 98 2025 *
115 2002 159 2045 tas
171 1995 325 2046 videretur:
346 2013 418 2047 nunc
432 1998 541 2064 culpam
558 1996 694 2046 maiorum
709 1994 818 2060 posteri
833 1992 921 2057 luere,

115 2062 162 2128 qui
174 2077 209 2112 ne
220 2063 347 2114 viderant
357 2065 467 2130 quidem
477 2065 619 2127 Miletum3
631 2061 797 2114 adeoXerxi
807 2076 863 2112 non
873 2075 922 2128 po-

115 2135 228 2180 tuerant
250 2130 379 2197 prodere.
424 2131 464 2182 36.
492 2132 560 2182 Inde
587 2131 726 2198 processit
750 2129 785 2179 ad
805 2129 922 2179 'l'anaim

116 2212 234 2248 amnem.
272 2198 333 2259 Quo
347 2199 497 2264 perductus
509 2206 552 2251 est
562 2196 667 2252 Bessus
678 2213 734 2249 non
745 2198 854 2247 vinctus
864 2211 908 2248 mo

117 2265 164 2325 do,
184 2264 234 2316 sed
254 2267 337 2316 etiam
357 2267 432 2317 omni
451 2267 607 2318 velamento
627 2267 754 2332 eorporis
774 2263 921 2330 spoliatus.

118 2330 292 2396 Spitamenes
309 2349 371 2385 eum
385 2333 500 2385 tenebat
516 2335 589 2386 collo
609 2336 717 2385 inserta
736 2338 843 2396 catena,
864 2340 921 2384 tom

118 2399 252 2462 barbaris,
274 2417 355 2468 quam
365 2401 578 2464 Macedonibus,
598 2407 706 2470 gratum
721 2400 919 2467 spectaculum.

117 2467 159 2516 37.
179 2468 249 2518 Tum
261 2468 448 2536 Spitamenes,
459 2469 501 2520 Et
509 2477 546 2530 te,
559 2469 660 2536 inquit,
672 2476 699 2518 et
708 2465 833 2530 Darium,
843 2482 921 2535 reget

116 2549 200 2597 meos,
213 2537 296 2598 ultor,
308 2535 510 2608 interfectorem
520 2536 620 2588 domini
630 2535 787 2598 reincidunt,
800 2552 830 2586 ec
842 2533 919 2584 modo

117 2611 234 2670 captum,
255 2603 328 2655 cuius
346 2603 402 2672 ipse
412 2605 489 2724 lim}
506 2621 579 2657 exem
598 2606 659 2655 lam.
695 2603 810 2672 Aperiat
822 2600 859 2652 ad
869 2599 922 2680 hoc

116 2672 295 2738 spectaculum
314 2674 402 2724 ccrrlos
442 2673 523 2725 arius.
587 2671 685 2724 aristot
701 2671 734 2722 ab
748 2667 853 2790 inpare,
875 2683 921 2736 qm

116 2739 161 2790 illo
181 2738 309 2807 supplicio
329 2739 454 2809 indignus
462 2741 532 2811 fait,
553 2749 581 2793 et
594 2741 645 2796 hoc
657 2739 752 2792 solatio
781 2737 861 2807 ignes
871 2743 918 2788 ert.

955 2907 1030 2976 Ι
