2054 3030
344 235 493 288 LIBER
519 235 566 288 lv.
599 237 693 288 cni).
722 238 763 289 10.
918 238 966 289 lti'l

158 348 291 394 ieranon
301 343 429 405 possunt,
440 337 683 405 falsapermetum
692 345 837 406 augentur.
858 341 898 390 ll.
914 341 966 390 His

156 406 292 475 cognitis,
302 421 352 456 rex
362 421 423 457 cum
433 409 529 472 paucis
541 419 654 457 suarum
664 413 807 458 assecutus
814 423 914 475 agmen
923 422 966 458 re-

158 475 327 542 fugientium
343 474 378 524 ad
394 489 471 536 suos,
485 473 556 524 alios
571 473 683 534 cecidit,
698 475 769 525 alios
784 479 869 541 cepit:
889 479 966 542 equi-

160 551 260 610 tesque
271 541 416 609 praemisit
426 542 509 592 simul
520 541 703 608 speculatum,
722 542 804 591 simul
816 549 848 593 ut
861 544 966 611 ignem,

161 609 339 677 quobarbari
358 609 550 660 cremaverant
559 608 646 670 vicos,
670 609 888 674 exstinguerent.
925 613 966 663 12.

160 679 267 744 Quippe
278 676 421 744 fugientes
435 677 537 742 raptim
554 675 639 726 tectis
656 675 818 740 acervisque
836 676 968 729 frumenti

157 747 312 796 iniecerant
322 743 460 796 flammas:
472 757 543 808 quae
552 757 635 808 quum
644 743 674 791 in
684 757 790 792 summo
800 741 966 809 haesissent,

158 814 193 863 ad
208 811 347 863 inferiora
363 811 486 861 nondum
501 814 724 876 penetraverant.
760 809 801 860 13.
819 810 967 864 Exstincto

157 882 166 931 i
189 881 246 932 itur
255 881 334 946 igne,
353 877 503 944 plurimum
517 876 800 944 frumentirepertum
813 884 867 928 est:
886 883 969 946 copia

157 897 277 999 aliarum
287 959 399 1012 quoque
411 958 503 995 rerum
514 943 655 995 abundare
667 951 828 1010 coeperunt.
863 945 906 996 Ea
922 961 967 996 res

155 1017 219 1082 ipsa
229 1013 313 1064 militi
325 1012 361 1063 ad
374 1013 596 1079 persequendum
606 1010 715 1062 hostem
733 1013 856 1064 animum
875 1013 968 1064 incen-

118 1100 139 1144 ι
157 1084 211 1134 dit:
232 1083 333 1148 quippe
343 1085 442 1130 urente
454 1086 482 1130 et
492 1077 642 1147 populante
654 1095 688 1131 eo
701 1086 813 1144 terram,
833 1079 968 1132 festinan-

159 1151 224 1202 dum
236 1153 305 1210 erat,
316 1161 351 1198 ne
361 1146 491 1198 incendio
502 1154 601 1198 cuncta
611 1149 793 1215 praeriperet.
823 1149 863 1198 14.
881 1149 913 1200 ln
924 1163 967 1198 ra·
985 1199 988 1204 Α

156 1218 264 1268 tionem
276 1229 344 1282 ergo
356 1216 509 1266 necessitas
519 1229 614 1278 versa3
634 1217 736 1283 quippe
753 1217 897 1280 Mazaeus,
920 1216 969 1284 qui

155 1291 241 1336 antea
251 1298 301 1350 per
312 1283 400 1334 otium
411 1284 488 1334 vicos
498 1283 670 1346 incenderat,
681 1285 737 1335 iam
745 1281 843 1352 fugere
852 1289 966 1340 conten-

154 1357 211 1414 tus,
242 1352 356 1418 leraque
367 1343 504 1402 inviolata
513 1350 589 1402 hosti
598 1350 722 1418 reliquit.
752 1351 791 1402 15.
807 1351 967 1404 Alexander

155 1367 240 1472 hamp
250 1419 362 1485 longius
384 1425 494 1470 centum
513 1419 716 1486 quinquaginta
735 1420 833 1478 stadiis
848 1421 966 1472 Darium

156 1488 256 1539 abesse
268 1493 450 1552 compererat.
473 1487 570 1552 ltaque
582 1485 617 1536 ad
626 1488 786 1540 satietatem
797 1503 908 1558 quoque
920 1503 966 1538 eo·

154 1558 203 1624 pia
213 1560 416 1606 commeatuum
427 1554 589 1615 instructus,
608 1555 755 1620 quatriduo
771 1557 800 1605 in
811 1556 911 1607 eodem
924 1553 970 1606 lo-¹

156 1639 190 1675 co
211 1622 346 1674 substitit.
392 1620 432 1671 16.
461 1621 636 1686 interceptae
653 1623 753 1672 deinde
765 1621 846 1672 Darii
864 1624 964 1674 literae

156 1696 230 1752 sunt,
242 1688 343 1757 quibus
355 1687 458 1738 Graeci
466 1688 570 1738 milites
583 1688 816 1751 sollicitabantur,
827 1695 858 1740 ut
868 1704 965 1757 regem

153 1759 349 1810 interficerent
360 1761 407 1805 aut
417 1755 581 1820 proderent:
601 1754 844 1820 dubitavitque,an
855 1771 902 1806 aas
913 1772 964 1824 pro

155 1827 293 1878 concione
303 1823 447 1882 recitaret,
460 1823 529 1873 satis
541 1821 663 1874 conlisus
672 1821 843 1872 Graecorum
855 1839 965 1890 quoque

157 1909 226 1962 erga
238 1908 268 1943 se
277 1890 494 1942 benevolentiae
510 1904 543 1941 ac
556 1888 630 1940 fidei.
676 1890 716 1938 17.
748 1887 803 1940 Sed
817 1888 964 1942 Parmenio

155 1960 307 2022 deterruit3
327 1973 382 2009 non
394 1972 456 2009 esse
467 1957 571 2007 talibus
582 1956 728 2022 promissis
743 1957 907 2008 imbuendas
919 1973 965 2008 au-

155 2045 202 2080 res
221 2028 353 2078 militum:
375 2032 472 2092 patere
491 2025 537 2075 vel
550 2025 630 2076 unius
644 2024 754 2076 insidiis
764 2039 883 2092 regem:
896 2024 965 2075 nihil

153 2095 235 2149 nefas
247 2110 310 2146 esse
321 2094 466 2145 avaritiae.
496 2093 536 2142 18.
558 2094 677 2144 Secutus
688 2093 799 2144 consilii
811 2098 964 2156 auctorem,

155 2170 250 2217 castra
260 2163 357 2214 movit.
392 2162 449 2212 lter
459 2159 576 2211 facienti
591 2161 678 2229 spada
690 2177 761 2212 unus
782 2175 816 2212 ex
837 2161 963 2226 captivis,

122 2226 128 2243 '
155 2231 289 2301 quiDarii
298 2243 413 2280 uxorem
424 2229 635 2290 comitabantur,
647 2229 767 2279 deiicere
776 2243 836 2278 eam
846 2229 962 2291 nuntiat,

154 2307 183 2352 et
191 2301 240 2350 vix
250 2297 378 2366 spiritum
390 2295 500 2347 ducere.
548 2295 587 2345 lii.
609 2296 721 2346 itineris
733 2296 857 2347 continui
867 2297 963 2348 labore

154 2367 240 2418 animi
260 2381 295 2416 ue
306 2364 481 2432 aegritudine
498 2361 627 2430 fatigata,
648 2364 722 2413 inter
732 2359 829 2414 socrus
841 2371 869 2416 et
879 2366 963 2432 virgi*-

154 2435 250 2486 numii
264 2433 351 2483 'arum
361 2447 459 2482 manus
471 2431 597 2498 collapsa
607 2437 680 2492 erat3
700 2430 800 2482 deinde
816 2439 844 2484 et
860 2437 963 2484 exstin-

156 2509 210 2552 cta.
245 2492 377 2566 id'ipsum
387 2499 518 2550 nuntians
531 2499 602 2549 alius
614 2499 781 2564 supervenit.
805 2504 847 2551 20.
867 2501 904 2550 Et
913 2515 963 2552 rex

153 2569 228 2621 haud
239 2583 331 2628 secus,
352 2583 432 2635 quam
443 2568 468 2618 si
478 2569 601 2633 parentis
615 2581 682 2618 suae
697 2582 771 2618 mors
782 2568 910 2619 nuntiata
921 2583 963 2617 es-

153 2643 206 2700 set,
215 2635 330 2688 crebros
341 2635 430 2687 edidit
440 2635 573 2702 gemitus:
584 2634 761 2702 lacrimisque
773 2636 962 2700 obortis,qua-

152 2705 195 2757 les
203 2705 307 2756 Darius
317 2703 535 2769 profudisset‚in
542 2703 760 2764 tabernaculum,
772 2704 863 2768 inquo
874 2706 963 2750 mater

152 2771 315 2832 eratDarii,
327 2769 459 2821 defuneto
471 2771 598 2822 assidens
611 2772 732 2837 corpori,
744 2771 829 2820 venit.
849 2769 891 2816 21.
907 2767 962 2818 llio
