2036 3030
199 157 515 208 surruuuaurn.
534 137 611 208 ura.
631 159 651 207 1.
682 157 772 208 car.
794 158 833 207 u.
887 158 918 209 51

108 259 227 325 triginta
237 259 369 326 peditum,
390 261 444 310 tria
465 262 587 326 equitum
598 261 694 322 millia,
716 275 833 327 euntque
844 267 920 311 vete-

109 341 207 378 ranum
220 334 249 376 et
259 328 344 377 toties
355 327 490 378 victorem
502 327 664 389 exercitum,
686 328 781 394 paullo
797 328 860 393 plus
872 327 922 378 des

108 408 171 444 cem
183 399 352 445 armatorum
362 393 485 446 millibus
497 409 639 460 opponere
649 410 703 457 nrm
722 401 816 446 essent
827 396 917 446 veriti.

108 461 133 510 d.
155 461 285 512 Ceterum
295 461 464 524 Alexander,
483 463 553 512 urbe
565 467 654 527 capta,
671 462 705 511 ad
716 463 863 514 consilium
874 477 919 513 so·

108 529 216 578 ciorum
240 529 357 592 retulit,
387 530 527 595 quomedo
552 543 585 579 ea
607 528 740 580 utendum
768 530 918 580 videretur.

45 627 48 633 Δ
107 596 197 646 Erant
216 596 290 646 inter
311 612 360 646 eus
380 595 559 658 Phocenses,
578 596 714 660 multique
736 611 771 648 ex
789 597 918 660 Boeotis,

108 663 210 730 quibus
222 665 431 729 antiquissimae
443 679 505 714 cum
515 661 657 713 Thebanis
679 663 836 714 discordiae
857 679 918 730 gra-

106 731 189 782 vibus
202 745 286 797 saepe
297 732 405 782 damnis
426 731 623 780 constiterant:
642 745 741 797 neque,
764 729 826 780 dum
847 730 918 781 The·

106 799 161 848 bae
172 804 289 860 starent,
300 805 348 847 aut
360 798 433 847 odiis
444 797 502 847 suis
513 796 697 860 satisfactum,
717 803 766 847 aut
774 799 921 850 securitati

105 873 288 933 prospectum
302 865 445 914 rebantur.
482 863 506 913 5.
525 864 633 914 Hirrum
651 865 806 915 auctoritas
822 866 919 927 valuit,

105 940 139 984 ut
149 933 222 984 muri
233 938 316 998 atque
328 931 458 982 aedificia
467 931 654 996 diruerentur,
672 947 740 999 ager
748 931 866 984 arbitrio
877 947 919 982 re-

105 1003 152 1068 gis
164 1001 239 1049 inter
248 1001 373 1049 victores
384 999 564 1050 diuideretur.
599 999 641 1050 lta
661 999 865 1051 nobilissimam
875 1015 919 1050 ur-

104 1070 191 1127 bem,
214 1081 271 1116 non
289 1065 429 1116 hominum
449 1067 533 1119 modo
553 1067 791 1130 clarissimorum,
822 1081 919 1118 verum

105 1136 196 1187 etiam
226 1133 340 1184 deorum
368 1133 474 1186 natales
502 1143 673 1186 asserentem
693 1136 767 1198 sibi,
792 1136 919 1186 emedia

105 1201 231 1254 Graecia
240 1217 295 1251 uua
307 1201 367 1252 dies
379 1203 490 1269 eripuit,
510 1211 657 1271 postquam
669 1205 847 1271 octingentos
857 1201 919 1253 fere

104 1284 197 1322 annos
208 1275 272 1335 post
282 1270 425 1320 oraculum
437 1271 471 1322 de
487 1274 589 1334 corvis,
611 1272 725 1322 eosdem
741 1271 850 1322 incolas
872 1269 919 1320 ha-

102 1339 225 1390 buisset.
264 1337 288 1388 ti.
320 1338 394 1388 Olim
426 1339 498 1388 enim
524 1339 612 1406 pulsis
633 1354 649 1388 a
669 1347 753 1406 gente
778 1337 919 1390 Thracum

104 1413 193 1474 atque
215 1403 399 1472 Pelasgorum
417 1405 536 1458 Boeotis
558 1407 634 1456 edita
654 1422 716 1458 sors
733 1405 839 1466 luerat,
854 1412 921 1472 post

105 1480 234 1542 quartam
246 1473 348 1524 demum
359 1481 475 1525 aetatem
481 1473 590 1540 patrias
600 1474 672 1525 aedes
691 1472 833 1540 recepturi,
856 1489 919 1524 con-

103 1542 225 1593 siderent
241 1539 358 1602 interim,
381 1558 431 1607 qao
448 1542 506 1592 Ioco
524 1557 616 1592 corvos
632 1541 706 1591 aldor
717 1540 866 1608 conspicati
867 1539 918 1610 fo-

104 1617 175 1660 reat.
212 1609 237 1657 t.
256 1608 300 1658 lta
311 1624 394 1674 quum
405 1609 439 1658 ad
449 1608 543 1659 Arnen
554 1607 720 1660 Thessaliae
732 1610 862 1676 oppidum
874 1622 919 1658 vc·

104 1680 225 1737 nissent,
246 1677 337 1726 corvis
351 1676 521 1742 conspectis,
542 1691 612 1742 quos
625 1677 705 1741 pueri
720 1691 811 1742 gypso
822 1675 920 1725 illeve-
997 1707 998 1714 .

104 1751 180 1805 rant,
190 1743 231 1794 ibi
241 1743 434 1792 substiterunt.
469 1741 572 1791 Diruta
581 1742 647 1792 urbs
661 1749 704 1791 est
714 1743 749 1791 ad
759 1741 845 1791 tibiae
858 1755 921 1790 can·

105 1819 176 1874 tum,
197 1825 251 1877 quo
272 1811 357 1860 modo
378 1811 584 1876 sexagesimum
604 1815 667 1858 ante
688 1823 788 1858 annum
798 1805 920 1858 Athenas

106 1878 257 1946 Lysander
271 1877 423 1928 deleverat.
459 1877 483 1926 8.
504 1873 629 1941 Templis
644 1881 736 1926 tamen
747 1875 867 1942 aliisque
879 1891 921 1924 sa-

108 1947 164 1997 cris
183 1945 320 1996 aediliciis
335 1945 470 1995 abstineri
489 1944 574 1994 iussit
591 1942 760 2004 Alexander,
783 1943 866 1994 etlam
886 1957 921 1992 ne

109 2013 186 2078 quod
204 2027 253 2078 per
273 2014 408 2063 incuriam
423 2013 551 2063 damnum
570 2011 606 2064 iis
628 2010 751 2074 daretur,
771 2010 920 2060 sollicitus.

109 2081 230 2131 Praeter
240 2080 353 2131 insitam
362 2081 391 2130 in
404 2081 473 2132 deos
485 2079 695 2131 venerationem
708 2093 808 2129 recens
820 2075 921 2144 religio

108 2139 296 2215 pernrdverat,
317 2147 513 2214 quiamilitum
532 2148 677 2214 quosdam,
698 2145 862 2198 cabirorum
882 2144 922 2195 ia-

110 2232 184 2278 num,
206 2216 281 2280 quod
295 2220 359 2264 ante
375 2215 471 2266 urbem
487 2222 538 2279 est,
560 2215 683 2282 spoliare
695 2227 855 2280 aggressos,
878 2230 922 2264 su-

109 2283 169 2334 bita
190 2288 343 2348 tempestas
362 2281 525 2334 fulminibus
545 2288 574 2333 et
592 2281 703 2332 flamma
723 2281 841 2334 coelesti
858 2297 923 2333 con-

111 2355 258 2402 sumserat.
282 2349 307 2402 9.
318 2349 443 2400 Relictae
454 2357 518 2401 sunt
529 2351 612 2400 etiam
627 2348 737 2415 efligies
748 2353 923 2415 statuaeque,

110 2416 176 2480 diis,
195 2414 523 2468 velhominibusrirtute
535 2416 781 2484 praecellentibus,
800 2431 851 2482 per
859 2417 924 2467 loca

110 2484 224 2550 publica
233 2485 353 2552 positae.
386 2483 586 2552 Proditumque
598 2490 642 2535 est
650 2485 811 2546 memoriae,
822 2483 922 2543 fuisse,

111 2552 161 2618 qui
170 2554 244 2604 inter
254 2553 510 2604 consternationem
526 2559 624 2618 captae
644 2551 825 2618 direptaeque
845 2549 922 2600 urbis
983 2548 987 2554 '

111 2633 210 2670 aurum
229 2621 258 2670 in
276 2620 355 2670 sinus
375 2625 424 2670 aut
442 2620 562 2671 amicula
578 2625 732 2671 statuarum
753 2615 921 2676 abdiderint,

110 2686 195 2754 idque
207 2687 313 2738 salvum
326 2687 493 2756 repererint,
515 2702 598 2756 quum
618 2688 755 2804 viglpspmo
775 2689 840 2752 post
850 2695 921 2732 anno
